4096 6180
151 397 208 460 757
834 400 886 461 ult
907 398 1177 464 reucolatum.
1795 403 1855 466 ’158

147 529 332 602 refrigerium
347 534 541 600 consecutue;
557 535 659 588 contra
674 531 754 588 dives
773 531 803 587 in
828 534 973 588 tormento
987 536 1015 601 Α
1029 531 1114 589 lestis
1128 531 1278 606 suffragiis
1294 533 1375 591 nullo
1393 535 1495 594 merito
1512 553 1619 594 nomen
1633 536 1760 594 lacessit.
1776 536 1857 594 Desi-
1962 565 1964 575 ι

147 618 224 690 ignis
246 620 438 689 constitutus,
454 618 583 678 alternae
608 620 755 678 malcrum
777 625 806 678 et
830 621 975 678 banorum
1030 638 1148 690 numus,
1159 627 1188 698 et
1200 639 1258 679 non
1274 625 1540 697 blasphemabitur.
1552 627 1612 684 lma
1623 627 1853 699 blasphemetur,

145 707 222 764 vices
254 711 362 768 emula
397 710 590 770 retributione
630 717 823 784 compensent
841 712 873 768 ⁸⁷.
902 716 976 769 Sunt
1030 710 1100 767 dum
1117 729 1222 769 sumus
1238 711 1267 768 in
1288 713 1500 785 observatione,
1512 731 1570 772 non
1586 715 1616 772 in
1631 715 1852 787 exorbitatione,

147 796 268 870 quidam
287 799 350 858 dies
379 817 628 873 munerumque
653 802 730 875 apud
756 801 829 858 alius
854 801 975 858 honoris
1030 799 1201 872 discipline,
1215 801 1286 856 dum
1302 802 1471 875 probamur,
1488 820 1546 860 non
1561 805 1632 860 dum
1647 805 1848 877 reprobemur.

146 886 285 956 titulum,
313 891 391 963 apud
423 889 495 947 alios
523 890 666 948 mercedis
695 891 827 947 debitum
861 908 974 963 expun-
1029 889 1315 962 Oblasphemiamii
1339 891 1470 965 martyrii
1485 893 1616 962 alilncm,
1632 911 1695 967 que
1718 897 1790 950 tunc
1807 910 1851 952 me

146 976 300 1049 guntlbtil.
313 979 398 1036 Nunc
421 995 499 1053 crgo,
517 978 629 1052 inquis,
647 978 784 1052 recipiam
811 980 974 1051 meum,ch
1029 979 1374 1048 testaturtlhristianum,
1385 997 1452 1036 cum
1465 985 1659 1054 propteream
1671 983 1849 1039 detestaturi

146 1066 307 1136 rependam
328 1067 470 1125 alienam.
485 1067 514 1123 ei
538 1068 617 1124 hunc
633 1084 744 1124 morem
759 1068 814 1124 eibi
841 1068 974 1126 homines
1028 1067 1195 1124 Benedictio
1206 1072 1251 1124 eet
1265 1068 1405 1140 nominis,
1418 1070 1584 1128 maledictio
1598 1072 1751 1129 custoditas
1762 1071 1850 1128 disci-

144 1152 180 1208 de
199 1157 411 1228 superstitione
427 1163 682 1224 consecraverunt,
698 1163 729 1213 tu
757 1166 914 1214 extraneus
939 1159 975 1214 ab
1029 1155 1124 1228 plina.
1137 1179 1151 1208 (ι
1168 1156 1198 1213 Si
1213 1157 1393 1230 hominibus,
1410 1159 1516 1232 inquit,
1532 1161 1634 1217 vellem
1651 1161 1775 1234 placere,
1787 1178 1850 1218 sar·

143 1244 226 1298 omni
242 1261 343 1303 eurum
371 1248 510 1315 vanitate,
527 1246 598 1319 qnid
625 1245 785 1319 participes
813 1245 976 1320 idolothyta
1027 1263 1081 1302 vus
1096 1245 1205 1303 Christi
1229 1263 1285 1302 non
1315 1264 1438 1304 essem»
1456 1248 1556 1320 (Galat.
1573 1266 1593 1318 1,
1611 1251 1664 1322 10).
1690 1251 1746 1307 Sed
1771 1250 1848 1307 idem

142 1337 221 1395 081
249 1336 401 1404 solemnia,
415 1335 500 1408 quasi
514 1335 568 1392 tibi
586 1351 704 1408 quoque
716 1335 919 1408 prescriptum
937 1327 977 1408 sii
1028 1333 1097 1391 alibi
1109 1335 1130 1408 (Ι
1142 1335 1205 1392 Cor.
1216 1354 1242 1406 x,
1254 1337 1299 1408 33)
1305 1337 1548 1408 Jubet,cmnibus
1569 1339 1684 1412 placere
1699 1356 1848 1398 curemus.

141 1428 177 1484 de
193 1427 253 1497 die,
268 1443 326 1500 quo
352 1426 451 1482 minus
467 1425 496 1481 ld
511 1426 589 1498 quod
615 1423 728 1479 homini
744 1424 843 1494 debes,
859 1424 902 1481 val
917 1415 970 1480 tib¹
1027 1423 1258 1493 Quemadmodum
1272 1441 1331 1495 epo,
1347 1425 1455 1498 inquit,
1475 1429 1601 1484 omnibus
1613 1444 1665 1501 per
1678 1430 1773 1485 omnic
1784 1429 1848 1500 pla·

139 1517 174 1574 ab
192 1516 313 1572 homine
337 1514 558 1584 debetur,citra
573 1513 629 1570 dici
645 1512 878 1570 observationem
895 1515 970 1580 lues,
1025 1529 1081 1569 ceo.
1099 1512 1242 1571 Nimirum
1266 1513 1433 1572 Saturnalia
1461 1521 1489 1572 et
1517 1516 1662 1574 Kalendae
1690 1517 1847 1575 ianuarias

140 1603 185 1661 vel
200 1603 337 1677 recipias.
353 1603 395 1660 Da
412 1604 536 1660 turmam
553 1602 583 1658 in
599 1601 691 1672 qua⁸⁸
713 1601 784 1657 velis
800 1601 846 1674 agi
864 1610 969 1658 tecum.
1025 1601 1102 1659 082
1118 1601 1269 1659 celebrans
1292 1603 1462 1660 boverinibus
1478 1604 1628 1677 placebat?
1643 1623 1679 1664 an
1703 1606 1847 1663 modestia

140 1697 198 1750 Gur
218 1693 298 1750 enim
323 1697 352 1749 et
374 1691 468 1750 laicae
478 1691 544 1765 (50),
567 1707 634 1747 cum
659 1690 824 1762 ignorantia
847 1689 970 1747 alterius
1023 1695 1053 1748 et
1066 1691 1218 1764 patientia,
1235 1707 1270 1748 uu
1286 1693 1439 1765 gravitate,
1452 1711 1488 1749 an
1504 1693 1698 1767 humanitate,
1716 1712 1751 1751 an
1768 1695 1845 1752 inte·

141 1789 227 1840 tuam
243 1781 452 1840 conscientiam
469 1778 673 1836 contaminas?
692 1778 717 1835 ei
741 1795 799 1835 non
824 1779 968 1852 ignoraris
1021 1779 1153 1853 gritete‘l
1166 1780 1292 1837 Proinde
1307 1798 1374 1837 cum
1390 1782 1471 1851 dicit,
1484 1805 1498 1834 «
1513 1784 1619 1840 Omnia
1633 1784 1771 1841 omnibus
1787 1786 1844 1842 lac·

141 1872 220 1946 quod
237 1873 280 1929 sie
302 1870 492 1941 christianus,
508 1868 643 1940 tenuris,
659 1871 688 1925 et
703 1873 802 1925 contra
817 1867 966 1926 conscien·
1021 1874 1070 1925 tus
1098 1885 1177 1940 sum,
1202 1875 1235 1925 nt
1262 1886 1365 1926 omnes
1393 1870 1574 1928 lucrilaciam
1588 1893 1598 1922 ι
1617 1872 1639 1944 (Ι
1655 1872 1715 1929 Cor.
1731 1891 1770 1940 rx,
1785 1875 1841 1945 22),

139 1961 211 2018 tiam
243 1959 365 2018 alterius
399 1960 479 2033 agie,
507 1963 650 2031 tauquam
684 1974 740 2014 non
775 1956 964 2014 christianus.
1021 1959 1165 2032 numquid
1182 1959 1345 2016 idololatris
1361 1959 1541 2028 idololatres,
1558 1961 1703 2034 numquid
1719 1963 1843 2021 ethnicis

141 2053 295 2109 Enimvero
323 2048 377 2107 etsi
405 2047 591 2106 simulaveris
600 2048 633 2104 θ’.
659 2051 802 2115 tentatus,
829 2047 965 2103 addictus
1019 2048 1165 2117 ethnicus,
1179 2049 1323 2121 numquid
1336 2049 1525 2106 secularibus
1539 2051 1706 2108 eaecularis‘l
1721 2052 1777 2108 Sed
1790 2054 1844 2110 etsi

139 2161 179 2201 cs.
194 2144 281 2199 Certe
303 2139 361 2196 sive
385 2138 450 2206 bac,
466 2137 527 2194 sive
542 2136 620 2207 illac,
636 2153 703 2193 reus
726 2153 758 2192 cs
784 2135 965 2193 contusionis
1020 2153 1076 2194 non
1090 2139 1224 2210 probibet
1234 2154 1287 2194 nos
1299 2140 1463 2195 conservari
1475 2156 1541 2196 cum
1554 2139 1752 2197 idololatrisct
1763 2141 1844 2198 adul·

137 2233 167 2288 in
181 2232 241 2287 Deo
257 2230 364 2298 (dalth.
377 2245 405 2298 x,
421 2226 473 2296 323
489 2229 555 2282 Luc.
573 2243 611 2297 rx,
623 2227 679 2296 26).
696 2227 752 2296 Qut
764 2233 857 2281 autem
871 2229 965 2298 cousu-
1019 2227 1090 2282 teris
1114 2233 1143 2282 et
1166 2227 1278 2284 caeteris
1303 2227 1480 2296 criminosis,
1502 2229 1603 2285 dicens
1614 2230 1636 2301 (Ι
1652 2229 1713 2286 Car.
1730 2247 1757 2301 v,
1775 2232 1817 2302 10)
1835 2249 1842 2288 :

138 2338 181 2378 eus
195 2336 282 2392 super
296 2334 340 2374 mc
360 2319 445 2387 suerit
469 2333 550 2389 peuce
574 2315 708 2381 homiues,
725 2319 750 2371 et
775 2331 823 2387 epo
845 2319 964 2387 coutun-
1020 2315 1154 2374 Caeterum
1168 2315 1201 2372 de
1215 2317 1316 2372 mundo
1330 2319 1487 2385 cairatis⁷⁴;
1505 2333 1563 2374 non
1574 2317 1676 2388 utique
1689 2335 1739 2376 ees
1754 2319 1843 2376 habe·

141 2413 194 2468 dar
208 2425 294 2481 super
307 2407 367 2476 ello,
385 2405 491 2478 inquit,
509 2420 592 2476 peuce
615 2405 726 2461 Patrem
747 2420 848 2471 meum,
864 2407 913 2476 qui
926 2413 965 2460 est
1019 2423 1073 2463 nas
1092 2407 1323 2464 conversationis
1348 2407 1496 2476 immutet,
1512 2411 1545 2463 ut
1559 2409 1698 2480 quoniam
1723 2425 1843 2466 necesse

141 2500 171 2554 iu
184 2498 271 2554 calis.
967 2569 970 2576 Ι
1019 2494 1059 2552 sit
1071 2501 1099 2552 et
1113 2495 1264 2553 convivere
1279 2512 1332 2551 nos
1346 2501 1375 2551 ct
1393 2495 1578 2552 commisceri
1588 2496 1610 2531 ²⁸
1624 2513 1690 2552 cum
1707 2502 1840 2569 peccato·

450 2635 565 2692 ssc’v
584 2633 656 2692 cv·
1018 2584 1236 2730 dimitti
1251 2586 1782 2746 ittfaiditi{teithi-¹
1793 2593 1843 2734 it

175 2765 234 2823 Sed
248 2763 326 2821 enlm
342 2762 474 2836 plerique
485 2762 548 2834 jam
564 2760 745 2817 induxerunt
759 2761 868 2830 animo,
881 2762 964 2835 igno·
1018 2777 1147 2835 peccare,
1157 2762 1234 2834 quod
1252 2778 1337 2818 nemo
1353 2761 1506 2834 permittit.
1519 2762 1598 2818 Licet
1612 2763 1762 2820 convivere
1773 2781 1841 2822 cum

140 2855 285 2911 scendum
308 2869 384 2918 esre,
395 2849 420 2908 ei
446 2850 608 2923 quantor,
619 2866 684 2923 qne
706 2849 826 2922 ethnici,
843 2851 963 2918 iaciunt,
1018 2850 1156 2923 ethnicis,
1167 2850 1309 2908 commori
1325 2867 1383 2907 non
1399 2850 1474 2907 licet.
1490 2851 1683 2908 Convivamus
1698 2869 1765 2908 cum
1778 2869 1841 2909 om·

138 2960 174 3000 ne
199 2959 308 3000 nemen
333 2939 563 3013 blasphemetur.
581 2944 667 2995 Porro
690 2939 883 3012 blasphemia,
899 2956 964 3012 quae
1018 2940 1107 2996 nibus
1119 2957 1126 2996 τ
1140 2939 1329 2996 conletemur
1342 2957 1377 2996 cx
1391 2939 1597 2996 communione
1613 2944 1724 2996 nature
1735 2943 1767 3009 ⁷⁷,
1782 2959 1840 2998 non

138 3032 227 3089 nobis
248 3030 369 3088 omuino
394 3029 550 3086 devitanda
573 3031 627 3096 cet,
643 3027 704 3083 hec
727 3029 831 3100 opinor
854 3033 899 3084 est
915 3045 922 3084 :
939 3027 964 3084 si
1018 3029 1248 3103 superstitionis.
1261 3029 1583 3096 Paresanimaeumus,
1595 3045 1653 3085 nen
1666 3027 1839 3103 discipline:

138 3122 206 3195 quie
223 3124 359 3178 nostrum
376 3119 411 3175 ad
436 3119 549 3191 justam
574 3116 788 3190 blasphemiam
813 3116 963 3174 ethnicum
1018 3135 1271 3192 compossessores
1287 3118 1400 3186 mundi,
1417 3134 1474 3173 non
1489 3116 1607 3174 erroris.
1619 3119 1700 3184 Quod
1716 3118 1741 3174 ei
1756 3119 1842 3175 nobis

136 3209 276 3279 deducet,
291 3211 342 3264 eut
366 3207 479 3277 fraude,
495 3209 546 3262 eut
568 3204 687 3277 injuria,
704 3209 756 3260 aut
775 3205 963 3273 contumelia,
1019 3208 1133 3264 nullum
1145 3209 1197 3280 jue
1212 3211 1256 3264 cst
1271 3207 1488 3264 communionis
1504 3207 1534 3263 in
1550 3207 1695 3280 ejusmodi
1711 3223 1778 3264 oum
1793 3225 1840 3264 ex·

134 3299 229 3356 aliave
246 3297 369 3355 materie
383 3297 479 3369 digna
494 3293 630 3367 querele,
646 3294 676 3349 in
692 3311 751 3366 qua
777 3310 881 3350 nomen
898 3311 961 3352 me·
977 3277 998 3344 G
1015 3299 1137 3366 transis,
1152 3302 1260 3369 quanta
1289 3296 1443 3352 scelestius
1472 3299 1525 3365 est,
1552 3296 1613 3353 haec
1638 3298 1714 3353 inter
1736 3296 1841 3355 iratres

132 3389 188 3444 rito
205 3385 380 3461 percutitur,
398 3389 430 3441 ut
450 3384 555 3440 meritc
570 3381 716 3440 irascatur
729 3387 758 3440 et
772 3383 958 3440 Dominusll.
1015 3386 1201 3459 lrcqucntaro
1213 3385 1253 3441 ⁷⁸!
1275 3385 1344 3450 Quis
1360 3384 1415 3442 hcc
1439 3385 1586 3442 sustinere
1611 3388 1662 3441 aut
1686 3386 1841 3444 defendere

131 3478 278 3534 Ceterum
293 3475 318 3533 si
335 3476 369 3531 dc
384 3472 465 3531 cnrni
481 3472 666 3546 blasphemia
679 3471 792 3528 dictum
806 3477 851 3529 cst
865 3490 890 3528 :r
906 3473 958 3529 Vc·
1015 3481 1111 3548 potest
1124 3476 1138 3532 i
1149 3476 1261 3533 ludonis
1275 3475 1338 3531 dies
1354 3491 1423 3530 suos
1440 3475 1529 3531 lastae
1541 3475 1563 3510 ⁷⁰
1577 3475 1734 3547 exprobrat
1748 3474 1839 3548 Spiri-

131 3567 185 3623 strl
196 3567 222 3602 ¹²
239 3581 346 3622 caussa
359 3578 466 3620 nomon
488 3577 587 3618 meum
611 3561 853 3634 blasphematur·
871 3564 959 3632 (Rom.
1015 3568 1064 3622 tus
1078 3566 1203 3621 Sanctus
1216 3587 1242 3619 .«
1253 3563 1391 3629 Sabbata,
1405 3562 1510 3634 inquit,
1522 3567 1617 3620 vestre
1628 3567 1657 3620 ct
1670 3564 1840 3620 neomenias

132 3654 385 3728 rr,2l),perimus
406 3651 551 3720 universi;
578 3666 645 3707 cum
670 3654 749 3708 totus
773 3650 869 3708 circus
897 3669 961 3709 sco·
1016 3657 1045 3710 et
1072 3653 1260 3708 caeremonias
1290 3650 1351 3708 adit
1379 3649 1479 3707 anima
1516 3665 1581 3708 mea
1606 3671 1620 3700 a
1647 3652 1711 3724 (lert.
1735 3669 1755 3723 1,
1783 3651 1838 3724 lt).

850 3787 951 3850 Varias
971 3787 1131 3849 lectiones.

168 3899 425 3971 ”Comparantur
447 3898 535 3954 Parte.
573 3895 745 3951 ⁶⁸liorruum
771 3911 829 3968 qua
854 3897 955 3966 Ripalt.
994 3894 1316 3952 lliltdissimulabcrls
1340 3893 1432 3949 Puris.
1456 3895 1516 3963 iiip.
1554 3893 1577 3929 ⁷⁰
1591 3892 1772 3968 Quandoque
1796 3895 1844 3952 hie

134 3975 224 4029 Fran.
241 3973 301 4043 lliq.
339 3971 360 4007 ⁷¹
379 3969 524 4026 Irascetur
538 3966 565 4022 ci
580 3967 723 4023 Dominus
743 3970 824 4038 trop.
840 3970 947 4038 primus
963 3973 989 4024 ct
1004 3984 1085 4024 uuus.
1124 3969 1148 4002 ΙΙ
1163 3969 1214 4022 ilat
1238 3983 1288 4032 va,
1314 3966 1400 4036 eujus
1425 3981 1514 4020 causa
1539 3966 1629 4020 Puris.
1646 3966 1711 4022 luc.
1727 3969 1846 4030 Pamet,·

133 4049 233 4100 vestra
247 4059 338 4100 ceusu
354 4043 433 4113 Lecp.
470 4041 493 4076 ΙΙ
507 4040 550 4096 Ob
564 4037 778 4110 blasphemiam
794 4041 876 4095 Fran.
914 4041 937 4074 ⁷⁴
951 4040 1075 4096 llxiratis
1092 4040 1182 4096 Puris.
1197 4041 1253 4094 Pet.
1273 4037 1360 4093 libere.
1378 4036 1436 4106 Rip.
1453 4036 1588 4092 crissatis
1604 4035 1718 4106 Semlcr,
1733 4038 1844 4094 diacon.

133 4117 154 4150 ΙΙ
169 4114 365 4172 commisceri
379 4116 470 4170 Paris.
510 4112 532 4146 ΙΙ
548 4111 615 4166 ldeo
642 4115 670 4166 et
694 4127 881 4184 compeccare
899 4112 958 4181 llip.
996 4113 1018 4146 Π
1036 4113 1104 4168 Ccd.
1121 4111 1205 4180 Aput.
1221 4111 1312 4164 Paria.
1329 4109 1433 4163 animm
1459 4124 1572 4177 sumus,
1589 4124 1647 4164 non
1671 4108 1844 4181 disciplina.

133 4187 155 4224 ³⁸
170 4186 367 4261 Frequentari
382 4186 446 4241 run.
485 4184 508 4219 ⁷⁹
522 4183 624 4239 Festos
637 4185 730 4239 Paris.

860 4279 1121 4344 Conrmentarius.

136 4395 260 4452 lbrabae
280 4395 347 4450 sinu
367 4390 568 4464 exspectandae
584 4387 808 4444 resurrectionis
827 4388 966 4444 solatium
983 4395 1004 4457 ὓ
1022 4387 1131 4444 inlares
1146 4403 1203 4442 non
1225 4384 1382 4456 legeretur,
1397 4383 1469 4440 libet
1484 4383 1645 4455 praesertim
1670 4402 1704 4440 ce
1728 4387 1844 4457 reterre,

135 4484 169 4523 ca
191 4484 282 4523 ere.»
302 4467 343 4521 Ex
371 4464 418 4519 bis
447 4463 537 4534 igitur
565 4461 592 4515 id
623 4458 799 4532 colligimus,
832 4460 967 4515 homines
1023 4475 1086 4532 quae
1102 4460 1136 4514 dc
1151 4457 1288 4532 Symbola
1305 4458 1505 4530 repostolorum
1523 4462 1706 4528 expresserat
1720 4457 1769 4515 ille
1784 4461 1847 4531 ipae

135 4485 236 4596 adfluo
252 4553 311 4593 aevo
327 4535 377 4591 illo
392 4534 475 4590 valde
495 4534 586 4590 luisse
604 4531 709 4586 harum
727 4547 823 4586 rerum
841 4531 967 4587 incertos
1022 4533 1147 4587 Rufinus
1165 4548 1171 4585 :
1188 4531 1344 4600 Crucifixus
1365 4530 1415 4584 sub
1433 4529 1527 4611 Pontio
1545 4527 1650 4611 dilato,
1666 4539 1693 4584 et
1709 4533 1844 4604 sepultus.

134 4627 168 4666 ac
184 4609 350 4666 dubiae-
362 4607 511 4662 llactenue
527 4602 687 4676 Rigaltius;
702 4609 809 4658 cetera
823 4620 890 4659 veru
904 4619 966 4673 qum
1022 4619 1177 4658 nesceumr
1204 4619 1233 4656 m
1258 4619 1390 4656 lusanae.
1408 4602 1531 4670 (liuponi
1556 4616 1587 4655 au
1611 4599 1731 4670 Sperabat.
1758 4611 1845 4675 oport.

133 4683 294 4754 san'unxit
310 4681 345 4736 ad
369 4677 587 4742 infirmandam,
607 4680 637 4730 ut
650 4674 776 4742 videtur,
793 4674 966 4731 catholicam
1023 4677 1103 4729 lrrct.
1123 4675 1237 4741 liuline,
1249 4674 1325 4728 inter
1340 4674 1433 4743 Opera
1446 4678 1473 4726 0.
1488 4670 1637 4744 Cypriani,
1652 4673 1722 4728 odit.
1737 4674 1846 4746 Pamet,

135 4755 171 4808 de
186 4752 299 4809 Christi
318 4752 353 4806 ed
369 4749 478 4805 interos
495 4748 635 4803 descensu
654 4746 830 4814 doctrinam,
847 4746 969 4802 veritate
1024 4764 1051 4819 p.
1068 4745 1142 4817 bil).
1159 4745 1230 4799 dnn.

134 4830 241 4882 carent
255 4828 284 4879 ct
299 4821 434 4878 heresim
447 4819 576 4891 sapiunt.
591 4817 723 4874 Sulirciat
735 4819 876 4874 adversus
891 4820 968 4872 bunc
1059 4817 1114 4888 (58(
1130 4817 1192 4872 llice
1207 4831 1354 4870 muncrum
1369 4829 1432 4887 quar
1454 4812 1528 4884 opud
1551 4812 1620 4868 alios
1644 4813 1760 4871 honoris
1775 4820 1846 4874 tr'tu⁴

134 4899 403 4953 commentatorem
420 4889 592 4965 opposuisse
605 4905 638 4944 en
649 4907 711 4959 quae
721 4889 834 4945 Natalis
849 4889 967 4945 Alexan·
1022 4889 1080 4942 tum
1093 4901 1262 4960 eaprrupum.
1281 4886 1433 4941 Habebunt
1447 4884 1554 4940 ethnici
1571 4885 1633 4940 dies
1650 4901 1807 4944 munerum
1819 4895 1849 4946 ct

134 4969 199 5032 der,
217 4969 248 5023 in
264 4983 319 5022 sua
342 4964 552 5021 Dissertatione
576 4961 611 5016 de
634 4960 766 5031 Symbola
794 4962 861 5030 fidei
888 4976 966 5016 asse·
1022 4960 1086 5014 dics
1102 4966 1280 5014 strenarum.
1295 4959 1360 5029 lpse
1375 4957 1575 5013 Tertullianus
1590 4973 1656 5028 pag.
1674 4975 1773 5032 ecq.,«
1785 4961 1848 5020 Mu.

133 5039 196 5096 ruit
215 5057 251 5095 :a
270 5039 308 5094 ld
324 5038 446 5100 interos,
462 5033 560 5106 inquit
585 5031 634 5087 ille
659 5033 725 5104 (hoc
740 5037 794 5099 eet,
807 5034 843 5088 ad
871 5030 968 5088 locum
1023 5047 1093 5086 nore
1107 5035 1285 5096 commeant,
1301 5037 1406 5084 strenae
1421 5032 1594 5084 consonant.
1611 5049 1624 5076 n
1641 5029 1702 5086 liro.

133 5110 343 5182 illum‚quem
373 5107 500 5180 theologi
527 5104 663 5160 Limbum
694 5110 812 5176 patrum
842 5105 966 5174 vocant),
1057 5103 1274 5174 -rlpudatios
1295 5101 1429 5156 rnercedis
1447 5099 1846 5180 debitam3UndeetMcrce-

134 5185 272 5240 animum
286 5179 404 5245 Christi,
418 5196 475 5235 non
490 5175 598 5232 virtute
610 5179 725 5231 tuntum
743 5181 771 5232 ct
786 5175 966 5248 operatione,
1022 5173 1128 5229 dociae
1144 5191 1195 5230 eeu
1216 5172 1399 5230 Mercedinus
1425 5171 1536 5226 mensis
1562 5170 1670 5232 dictus.
1686 5180 1847 5248 posteaque

134 5256 185 5312 sed
205 5270 238 5309 re
251 5257 280 5310 ct
296 5252 451 5324 presentia
473 5247 672 5316 descendisse,
689 5248 795 5320 dogma
821 5247 886 5302 lidel
912 5253 966 5312 cst,
1022 5245 1085 5301 dics
1102 5245 1266 5313 llerccdini,
1283 5245 1310 5300 in
1328 5248 1387 5300 tres
1403 5259 1519 5297 menses
1534 5243 1648 5299 tributi.
1667 5244 1729 5301 Rro.

132 5329 297 5398 Scriptura
324 5339 412 5378 sacras
441 5319 621 5378 testimoniis
637 5323 664 5373 et
687 5319 817 5374 acerrimi
848 5320 966 5375 Petrum
1059 5317 1114 5386 (50)
1132 5320 1371 5388 liasermnmqua
1395 5315 1525 5384 vernant
1544 5321 1710 5380 tecumaur
1728 5319 1846 5376 enimet

135 5414 288 5455 consensu
314 5397 471 5451 firmatum.
491 5392 581 5448 Graeci
608 5407 674 5446 vcro
699 5391 852 5462 Latinique
867 5392 967 5446 Petras
1022 5389 1116 5443 laterae.
1137 5389 1225 5458 Elige,
1242 5389 1345 5458 inquit,
1360 5405 1418 5457 qua
1434 5392 1528 5440 terrram
1546 5385 1592 5456 agi
1607 5386 1679 5444 velis
1696 5388 1844 5446 turmula:

133 5469 163 5526 in
181 5469 318 5540 ejusdem
335 5465 469 5522 catholici
484 5463 629 5534 dogmatis
645 5464 836 5518 assertionem
854 5462 968 5534 conspi-
1022 5459 1180 5516 Christiani
1197 5461 1273 5515 iuter
1286 5461 1419 5515 ctbnlcce
1435 5458 1495 5513 nrrti
1506 5457 1554 5540 'vel
1571 5458 1672 5530 ignoti.
1689 5461 1763 5516 Nam
1779 5477 1845 5517 cum

134 5547 243 5597 rante
263 5537 352 5595 Tirsai.
380 5537 457 5593 Cure.
481 5535 594 5606 aampt,
609 5539 630 5590 t.
649 5535 692 5601 Vl,
714 5551 742 5606 p.
764 5535 817 5588 239
841 5540 869 5589 et
892 5537 967 5606 seq.)
1022 5533 1098 5658 agend
1115 5533 1257 5597 ethnicos,
1272 5533 1418 5588 solemnes
1433 5530 1616 5586 ethnicorum
1631 5530 1694 5586 dies
1708 5533 1846 5587 observas

133 5613 169 5668 V.
187 5612 279 5668 etiam
306 5611 502 5680 professionem
527 5606 591 5676 fidei
616 5605 757 5664 catholica?
771 5606 871 5674 (Theoi.
887 5606 965 5661 Cure,
1022 5605 1030 5658 i
1067 5603 1176 5658 cilicias
1192 5607 1224 5657 nt
1239 5603 1340 5670 lateus,
1358 5609 1444 5674 etque
1463 5607 1494 5658 ut
1508 5606 1536 5657 le
1553 5617 1610 5656 non
1628 5618 1691 5657 esse
1706 5602 1845 5657 christia-

136 5683 253 5756 compt..
271 5690 290 5737 t.
307 5681 329 5745 Ι,
346 5699 374 5752 p.
391 5679 481 5752 1000).
497 5681 568 5734 Cum
584 5694 650 5732 vero
667 5677 808 5746 Rigaltins
828 5677 966 5733 Rufinum
1023 5691 1093 5730 num
1117 5675 1252 5732 ethnicus
1277 5679 1370 5746 putet;
1396 5680 1424 5728 ct
1448 5677 1529 5756 l'raus
1552 5677 1598 5754 cst
1620 5689 1695 5742 qum,
1712 5673 1765 5754 hoc
1780 5673 1844 5756 ipso

136 5755 166 5811 in
191 5753 322 5826 gratiam
352 5768 413 5808 sure
436 5751 585 5808 sententie
616 5749 912 5820 citaverlt‚tanqnnm
942 5749 966 5804 si
1022 5747 1099 5818 quod
1123 5747 1319 5816 ignorantiam
1343 5747 1473 5802 veritatis
1497 5743 1843 5810 inducatconacrentram

135 5825 279 5886 Ecclesia
294 5823 443 5884 catholice
464 5821 599 5900 Symbola
613 5819 721 5881 Gbrieti
745 5821 907 5880 descensus
931 5820 967 5878 ad
1022 5825 1102 5876 tunm
1119 5820 1308 5878 contaminet.
1327 5819 1390 5874 liic.
