4046 6172
119 305 127 318 ’
214 323 276 386 aaa
476 323 742 390 uuarunniiui
763 320 928 386 oiueuu
950 321 1051 384 vias
1072 321 1098 386 i.
1112 355 1151 372 -
1165 322 1307 388 sanius
1328 325 1355 403 i,
1377 327 1660 394 iuouooimica.
1841 339 1894 401 iai

214 457 358 514 formetur
369 457 402 528 Μ,
419 457 617 540 sequitur,ut
631 455 706 513 talea
728 453 914 513 renuntietur
932 455 1043 528 qumvis
1057 475 1085 543 Α
1101 457 1406 532 Δθῠερίνίωοεςιιοο
1417 476 1639 522 nomannorum
1650 466 1898 530 sstssmitsno-
2004 451 2005 514 7

215 545 272 603 alia
293 544 440 602 contraria
462 551 631 620 comperta;
646 544 795 618 imprimis
818 543 871 600 illa
896 543 976 600 omni
997 560 1045 601 ra·
1102 563 1155 603 nas
1170 546 1477 620 philosophi,Socrata
1491 550 1556 624 ipso
1571 552 1607 608 ad
1624 554 1753 611 demanii
1766 557 1900 618 arbitrium
2004 547 2005 616 J

216 635 297 692 tione
311 635 344 701 ⁸⁷,
360 651 424 706 qus
440 634 617 693 delitescens
632 634 689 692 auh
709 633 882 691 nominibus
896 637 926 690 et
940 633 1044 706 imagi·
1101 640 1298 708 suspectante.
1315 637 1447 702 Quidni?
1461 655 1529 696 cum
1553 640 1652 714 stipsi
1671 643 1834 702 demonium
1856 650 1899 705 ad·
2004 619 2005 700 i

216 723 305 779 nibus
319 723 702 798 mortuorum,quibusdam
718 721 823 796 signis,
838 725 868 778 et
883 721 1044 792 miraculis,
1101 723 1223 782 haesisse
1237 742 1255 782 a
1269 726 1397 798 pueritia
1422 727 1547 798 dicatur,
1561 729 1783 789 dehortatorium
1801 734 1901 808 planes

217 815 247 867 et
262 810 389 868 oraculis
404 812 494 869 fldem
510 811 674 868 divinitatis
686 815 836 885 operatur.
1101 811 1177 870 bono
1198 813 1247 887 (5).
1266 815 1416 872 bemanus
1444 816 1544 873 sciunt
1570 821 1672 890 posta,
1700 820 1784 878 etiam
1808 823 1900 897 vulgus
2004 831 2005 834 ’

518 917 639 976 CAPUT
655 916 741 973 quq,
1099 901 1251 960 indoctum
1273 902 1304 959 ia
1328 920 1416 962 usum
1441 904 1591 963 maledicti
1615 906 1861 982 frequentiarum
1878 919 1902 971 st
2004 905 2005 910 ’

135 1075 138 1081 1
220 1012 436 1062 anwusnruia.
452 1007 628 1079 -Eripticut
644 1007 707 1078 jam
722 1007 882 1064 dumosam
899 1011 1043 1080 naturam,
1099 991 1240 1048 saiwam
1254 992 1453 1066 ⁸⁸,principem
1469 993 1561 1067 butus
1576 996 1645 1052 mili
1660 998 1781 1070 ssssssffl'it.
1795 1000 1901 1072 limittit

252 1093 368 1149 quarum
383 1079 513 1134 notitiam
528 1078 725 1152 upbitosopiiis
740 1085 766 1132 et
778 1079 871 1149 poetis
883 1078 969 1134 etiam
983 1079 1044 1133 ins·
1098 1080 1134 1136 ds
1149 1080 1267 1153 propria
1282 1080 1462 1140 conscientia
1477 1082 1699 1150 anima,eadem
1711 1090 1902 1146 exsecramenti
2004 1083 2005 1098 ¹

248 1149 561 1293 citauerunt
579 1149 1042 1290 leuauit-ruiturus
1190 1169 1362 1270 venenu
1377 1169 1426 1270 u·
1441 1170 1708 1273 cecum
1835 1175 1902 1276 uu
2004 1203 2005 1248 ι

248 1292 383 1364 homines,
397 1301 428 1350 ut
450 1264 577 1360 iaceant,
599 1294 803 1365 ostenditurque
822 1291 894 1349 titud
916 1292 1041 1363 satiaciis
1097 1273 1155 1314 ¹¹⁰⁰
1170 1261 1296 1330 mgna·
1322 1257 1484 1331 Ut‘m'q'ffl
1507 1275 1637 1318 ¹¹⁰m¹⁰¹⁸
1660 1265 1756 1364 tem,
1769 1261 1812 1320 '⁰¹
1834 1279 1903 1365 ΜΨ
2004 1295 2005 1352 3

245 1365 304 1422 suis
318 1364 408 1422 salum
434 1377 525 1435 aqere,
542 1367 571 1421 ut
591 1366 687 1422 relide
701 1365 754 1421 lieo
778 1379 844 1422 uero
867 1363 946 1437 [aba
970 1364 1039 1423 reti·
1095 1347 1269 1402 ⁸⁵⁵³i¹¹¹¹i⁶⁹
1284 1346 1332 1419 (7)·
1349 1347 1406 1404 Sed
1429 1349 1578 1421 ilu⁰ffl⁰d⁰
1602 1349 1637 1406 ⁶⁰
1663 1349 1822 1425 flnsstlfflissi
1846 1367 1904 1424 (111¹-
2004 1365 2005 1430 l

245 1436 323 1509 qiani
336 1436 444 1493 creduli
458 1437 588 1494 mortales
601 1438 805 1509 mancipentur.
905 1451 906 1454 ¹
1093 1433 1220 1492 busdam
1236 1451 1291 1491 sus
1306 1439 1411 1508 sponte
1426 1437 1574 1510 corruptis
1598 1439 1761 1512 corruptior
1773 1455 1841 1512 gens
1854 1441 1904 1497 de·
2004 1439 2005 1506 l

247 1527 344 1598 atque
360 1525 434 1582 adso
450 1522 589 1594 dicimus,
605 1541 670 1582 esse
694 1523 878 1582 substantias
894 1523 1039 1598 quasdam
1093 1539 1218 1580 monum
1234 1523 1274 1596 (9)
1291 1523 1416 1580 evaserit
1440 1525 1613 1584 damnatae
1636 1525 1695 1585 Deo
1721 1543 1785 1584 cum
1805 1529 1906 1602 generis
2004 1555 2005 1568 κ

923 1639 1027 1704 Varias
1041 1637 1205 1702 lectiones.

248 1747 602 1810 “ReformaiurSemtem
640 1745 885 1804 ”Omniiaticni
900 1742 1212 1818 comperta-illaomui
1228 1744 1345 1802 rationi.
1361 1747 1434 1820 conj.
1450 1747 1516 1804 lium
1566 1746 1588 1784 ⁸⁸
1607 1749 1707 1808 Wouiu.
1723 1750 1904 1820 amaetliiq.
2004 1709 2005 1764 i

215 1819 370 1878 Daemones
386 1835 394 1876 t
409 1823 503 1878 coeteri
519 1836 525 1876 :
542 1820 660 1878 Omnes.
676 1821 746 1876 dau.
760 1823 786 1876 et
799 1819 854 1877 aiii
869 1836 876 1875 :
891 1818 1058 1891 frequentat
1072 1815 1223 1874 Seianam.
1239 1818 1292 1876 Sed
1305 1835 1347 1874 uu.
1363 1835 1431 1874 nam
1446 1825 1486 1886 et,
1501 1833 1564 1892 quae
1577 1821 1609 1876 in
1622 1820 1782 1878 redditori.
1793 1826 1818 1878 at
1830 1822 1906 1892 luqd.

214 1893 351 1962 teguntur,
366 1907 418 1948 uec
428 1901 598 1964 supervacua
612 1907 662 1948 nec
675 1889 821 1964 ejicienda.
860 1891 883 1928 ⁸⁹
897 1889 942 1948 Sic
956 1889 1015 1946 ced.
1032 1889 1109 1946 meld.
1124 1907 1135 1954 ,·
1151 1890 1248 1962 litem,
1264 1891 1344 1949 Pam.
1359 1890 1467 1964 aliique
1483 1907 1490 1948 :
1507 1891 1551 1948 vel
1567 1907 1672 1968 magos
1687 1897 1822 1952 asserunt
1834 1907 1841 1956 z
1854 1893 1906 1950 cod.

211 1964 276 2020 Put.
291 1962 335 2020 vel
350 1963 429 2038 magi
444 1964 563 2034 adsunt,
579 1964 650 2036 quod
664 1963 912 2034 semperdicam,
929 1965 1004 2020 Hau.
1024 1961 1109 2018 Sarni.

932 2075 1194 2142 Commentarius.

210 2185 279 2244 illos
307 2186 424 2272 oculpre
451 2202 556 2272 rursus
584 2187 620 2271 de
647 2202 703 2244 sua
731 2185 906 2272 chelidonia.
923 2207 938 2238 ii
954 2184 1076 2253 QuodB
1127 2183 1165 2312 (bg
1179 2184 1250 2241 Nam
1263 2190 1291 2241 et
1304 2184 1438 2242 Seianam
1451 2187 1730 2272 emmramentipoce
1745 2189 1907 2259 pronuntiat.

209 2260 396 2332 transcripsit
419 2263 574 2331 Pacranua,
590 2275 621 2314 in
645 2258 839 2316 Paraenesiad
857 2259 1033 2315 Paeniteat:
1091 2254 1145 2319 Qui
1176 2254 1315 2312 isataute
1338 2255 1514 2314 vocabulum
1536 2257 1662 2314 Romani
1684 2275 1910 2332 uuquamusur·

212 2330 406 2388 ubxoaecstoe
430 2330 558 2388 hirundo
572 2329 670 2404 pullos
691 2329 771 2387 novit
784 2328 917 2386 oaculara
931 2329 967 2386 de
982 2344 1037 2385 sua
1090 2342 1197 2399 pavere
1213 2328 1242 2383 iri
1268 2326 1433 2385 maledictis
1455 2333 1507 2384 aut
1529 2328 1806 2388 exsecrationibus?
1820 2332 1911 2388 Nauti-

211 2401 407 2459 chelidonis.»
421 2403 561 2476 Adeoque
575 2401 723 2475 coepisse
738 2399 780 2457 ita
794 2400 1038 2528 videturGypria·
1091 2413 1179 2469 quarn
1200 2414 1281 2455 asne.
1298 2399 1354 2456 Sed
1384 2399 1530 2456 malorum
1557 2402 1729 2458 damonum
1759 2402 1910 2530 principem

211 2472 551 2532 uusillablostrilector
568 2474 772 2531 etadmirator
793 2472 943 2530 assiduus.
972 2472 1037 2528 ede
1090 2475 1228 2527 damnem
1272 2473 1508 2543 pronuntiatura,
1541 2474 1776 2546 pronuntiando,
1809 2475 1911 2530 Naum.
2004 2495 2005 2528 i

209 2543 358 2602 idolorum
382 2544 564 2603 vanitates«
583 2546 616 2604 llt
640 2544 1036 2603 homiuesaberrorstena·
1091 2544 1501 2601 flia-Sensusvarborum
1527 2544 1600 2600 milii
1622 2544 1672 2602 bio
1696 2545 1911 2602 videtur:Vul·
2004 2529 2005 2582 i

210 2616 384 2674 brarumad
407 2617 484 2675 viam
499 2618 573 2674 lucis
597 2617 786 2684 adducerent,
802 2632 892 2673 cecos
907 2618 936 2672 et
950 2615 1036 2699 igna—
1090 2615 1352 2687 gusquoquajam
1372 2615 1523 2672 indoctum
1540 2632 1591 2688 pro
1608 2616 1911 2690 maledictoirequen·
2004 2589 2005 2684 i

211 2703 262 2745 ros
284 2688 321 2745 ad
346 2688 527 2774 agnitionem
550 2688 682 2746 veritatis
705 2686 883 2746 occulerent.
904 2709 919 2738 ii
935 2685 1036 2743 Differt
1089 2688 1133 2768 tat
1148 2684 1286 2742 Seianam
1303 2689 1453 2744 auctorem
1469 2686 1560 2758 hujus
1575 2689 1913 2760 generie,dsmoniorum
2004 2695 2005 2790 q

188 2798 189 2806 .
210 2759 289 2816 anim
305 2759 343 2816 ab
366 2761 511 2818 inoculare
524 2762 602 2833 quod
617 2765 663 2818 eet
684 2760 810 2832 petitum
825 2776 842 2816 a
856 2757 972 2815 cultura
986 2775 1035 2814 ar·
1090 2756 1167 2823 soil„
1184 2757 1262 2814 unda
1277 2764 1344 2830 post
1356 2759 1465 2828 nemeis
1479 2757 1704 2817 distinctionem
1721 2777 1789 2818 oum
1804 2761 1913 2833 optimis
2004 2801 2005 2834 ,

209 2831 327 2900 borum,
342 2847 406 2904 qua
432 2834 488 2890 sub
517 2832 584 2917 ipae
611 2847 680 2892 voca
696 2832 751 2889 bac
775 2829 1035 2914 ccatcercnuuivis
1089 2827 1185 2955 posui.
1202 2828 1273 2885 Cum
1288 2846 1355 2886 vero
1375 2829 1585 2887 conscientiam
1601 2832 1711 2888 animas
1728 2832 1777 2891 hic
1791 2834 1913 2901 advocat,
2004 2837 2005 2908 t

209 2907 279 2961 nota
292 2907 346 2961 est.
364 2903 465 2962 Oculus
487 2919 567 2961 enim
591 2901 648 2960 illis
663 2907 708 2960 ast
732 2901 904 2960 tuberculus
925 2901 985 2969 illa,
1000 2917 1035 2958 ex
1101 2905 1177 2957 atius
1193 2902 1330 2975 persequi
1357 2917 1476 2960 necesse
1490 2901 1595 2958 babuit
1609 2901 1639 2959 in
1658 2902 1762 2961 libello
1777 2904 1813 2960 de
1831 2905 1914 2960 Testi-
2004 2911 2005 2950 i

208 2991 266 3048 quc
290 2974 396 3032 ramuli
419 2976 585 3050 germinare
609 2975 725 3040 debent.
756 2974 884 3044 Gato‚de
907 2974 944 3031 in
962 2978 1032 3030 rust.
1089 2971 1186 3027 monio
1204 2972 1413 3046 animae:cap.
1431 2973 1682 3048 niquequidem
1704 2975 1913 3048 eiusvarbaer
2004 2963 2005 3028 i

208 3049 323 3104 c.6:«
340 3045 383 3104 ibi
407 3048 508 3105 oculos
534 3046 688 3104 arundinis
704 3046 792 3119 pedes
817 3051 927 3116 ternos,
943 3044 1033 3102 alium
1088 3041 1144 3100 hoc
1156 3043 1219 3100 loco
1235 3045 1329 3100 lucem
1344 3045 1473 3116 capiunt.
1489 3049 1563 3101 Sunt
1587 3063 1658 3103 varo
1673 3047 1913 3106 lstsziusmo·
2004 3045 2005 3058 ¹

208 3119 245 3175 ab
269 3117 327 3176 alio
350 3126 481 3176 seruato.
497 3140 512 3171 i
529 3120 595 3192 lpus
619 3117 791 3176 Tertullian.
808 3116 860 3172 lib.
875 3117 908 3173 do
923 3116 1032 3185 Anima,
1088 3116 1171 3170 nium
1187 3132 1272 3173 vocas
1288 3116 1437 3173 bominem
1453 3120 1504 3172 aut
1518 3117 1786 3189 immunditie,aut
1797 3118 1912 3189 malitis,
2004 3119 2005 3170 i

208 3206 234 3246 c.
251 3190 284 3244 ta
301 3207 308 3246 :
327 3209 338 3242 a
355 3194 415 3247 Aut
431 3191 508 3248 unda
523 3190 664 3246 maxillis
684 3193 713 3245 et
734 3187 855 3245 frutices
878 3187 1033 3244 inoculan·
1088 3193 1139 3243 aut
1153 3186 1311 3244 insolentia
1334 3193 1384 3244 aut
1398 3204 1585 3262 quocumque
1607 3191 1742 3274 macula²
1758 3206 1849 3264 quam
1864 3207 1912 3246 nos
2004 3193 2005 3248 Ξ

207 3264 267 3328 tur,
282 3263 312 3316 st
327 3260 394 3318 tolia
409 3262 615 3330 tormentaret
628 3259 763 3335 germina
776 3259 947 3316 inflantur.»
962 3258 1033 3315 Hau.
1088 3258 1242 3315 demoniis
1270 3259 1458 3332 deputamus,
1482 3265 1532 3317 aut
1556 3261 1593 3317 ad
1622 3266 1837 3320 necessitatem
1863 3262 1918 3319 odii

244 3330 283 3458 (22
298 3331 526 3392 dehortatorium.
541 3331 633 3390 Plane
659 3348 678 3389 a
706 3333 785 3388 bona.
805 3330 920 3404 Ubique
949 3334 1035 3388 antea
1088 3330 1915 3418 importunum.Satanamdeniqueinomniavarsatione,
2004 3363 2005 3386 i

211 3401 254 3458 sic
280 3403 421 3474 agebatur
435 3409 464 3462 st
485 3402 741 3477 distinguebatur:
758 3403 881 3459 Dicatur.
900 3401 1035 3460 Deicrta·
1089 3405 1118 3458 et
1132 3402 1349 3473 aspernatione,
1364 3408 1393 3460 et
1407 3404 1600 3460 detestatione
1621 3407 1820 3478 pronuntias,
1835 3421 1917 3480 quem
2004 3401 2005 3414 ¹

211 3474 316 3532 tarium
339 3476 421 3539 ulcere
434 3494 452 3533 a
467 3475 536 3533 bono
551 3492 643 3533 omnes
667 3477 758 3532 sciunt
776 3482 872 3546 poete.
887 3474 943 3531 Sed
958 3479 1036 3532 recte
1089 3489 1143 3530 nos
1158 3474 1286 3531 dicimos
1310 3473 1428 3532 malitis
1444 3475 1592 3549 angelum,
1609 3497 1624 3527 ii
1640 3483 1701 3535 etc.
1721 3477 1760 3536 Ut
1777 3480 1856 3536 enim
1871 3481 1918 3535 ab·

214 3547 381 3604 emendavit
394 3548 458 3621 Rig.
475 3548 632 3620 posuitque
648 3553 712 3619 post
724 3546 834 3603 dicmur
847 3561 1034 3614 commanos
1049 3555 1071 3623 c
1090 3543 1185 3602 solute
1194 3546 1286 3602 mutus
1300 3546 1474 3604 christianis
1490 3563 1541 3620 pro
1556 3547 1695 3608 damona
1710 3549 1919 3614 athamantis

215 3616 304 3674 etiam
320 3628 386 3691 post
409 3621 625 3676 dehortatorium
648 3622 803 3692 punctum.
819 3618 876 3675 late
891 3619 969 3674 enim
983 3635 1034 3692 ge·
1089 3615 1137 3673 bic
1148 3617 1328 3675 Tertulliano
1339 3618 1674 3678 Satanoretdaemonium
1685 3639 1741 3696 pro
1754 3623 1841 3679 maio.
1852 3621 1918 3678 biv.
2004 3669 2005 3682 .

215 3688 283 3746 nius
298 3706 350 3747 sau
365 3691 479 3749 damon
500 3692 626 3748 Socratis
640 3689 843 3748 celebrabatur
856 3690 889 3745 ut
902 3689 1034 3747 dehorta-
1123 3688 1158 3762 (7)
1177 3690 1323 3762 Utriusque
1342 3691 1559 3747 administrator
1572 3707 1638 3762 este,
1655 3694 1705 3751 vei
1719 3695 1799 3768 ltaqi
1812 3694 1918 3750 adsunt.
2004 3699 2005 3740 ἲ

210 3759 305 3818 torius
320 3761 346 3817 si
368 3763 438 3835 quid
464 3763 535 3821 mali
559 3763 617 3837 ipsi
641 3763 764 3818 instaret
787 3760 830 3818 val
855 3765 1030 3835 occurreret,
1087 3759 1151 3815 iliae
1166 3762 1287 3817 omnino
1312 3765 1357 3819 sat
1371 3764 1518 3835 scripture
1539 3762 1648 3832 codicis
1675 3767 1797 3840 antiqui
1821 3766 1919 3821 Putea·

210 3831 271 3888 imo
295 3833 508 3907 ridensinquit
531 3833 905 3893 Tertullianusaioncac.
930 3834 1030 3906 ipsum
1086 3847 1306 3906 ennumquam
1335 3849 1401 3891 asse
1428 3840 1499 3908 puto
1521 3833 1667 3891 veriorem
1696 3837 1743 3895 ita
1775 3837 1919 3902 Fuldenai,
2004 3893 2005 3898 ,

207 3909 352 3963 avertens.
370 3907 471 3979 ltaque
485 3907 528 3963 sic
552 3909 702 3979 distinguo
719 3923 726 3962 :
742 3906 862 3974 dicatur,
877 3903 1031 3963 delicrtata·
1083 3904 1126 3959 uei
1142 3906 1222 3979 nicqi
1235 3909 1369 3962 asserant.
1384 3905 1432 3962 Ait
1447 3905 1618 3978 Septimius,
1633 3909 1731 3965 etiarn
1749 3909 1918 3966 hominibus
2004 3959 2005 3966 ,

205 3977 290 4033 rium.
308 3979 394 4034 Plane
421 3979 543 4047 abano,·
559 3980 579 4035 i.
595 3995 621 4037 a.
637 3979 697 4036 imo
711 3977 814 4035 habuit
837 3976 1027 4047 daemonium,
1083 3976 1120 4032 ab
1135 3975 1186 4032 Dei
1200 3976 1316 4033 civitate
1339 3977 1444 4034 alienis
1459 3977 1537 4034 haud
1553 3977 1655 4050 ignota
1681 3997 1751 4037 assa
1767 3979 1917 4048 vocabula,

204 4048 255 4104 sed
271 4048 350 4122 quod
375 4023 458 4106 ilium
473 4067 489 4107 a
503 4050 579 4109 bono
604 4049 816 4119 dehortaretur,
832 4048 872 4104 ita
886 4047 917 4102 ri
944 4048 1029 4120 piane
1082 4046 1248 4129 daemonum
1265 4053 1294 4105 et
1309 4049 1491 4130 angelorum.
1508 4050 1677 4122 Demonas,
1695 4053 1811 4126 inquit,
1826 4053 1919 4110 sciunt
2004 4077 2005 4084 ¹

201 4121 325 4192 passim,
341 4124 370 4177 et
384 4120 435 4178 lib.
451 4121 489 4178 ad
508 4122 572 4181 Not.
589 4141 609 4190 1,
627 4123 799 4192 littidum,
822 4122 953 4192 quoniam
967 4120 1027 4177 iltis
1081 4118 1260 4192 philosophi,
1281 4128 1377 4177 sciunt
1423 4125 1569 4178 oetaeian
1592 4121 1654 4179 alos
1705 4141 1809 4198 unque
1833 4126 1917 4182 etiam

199 4193 300 4250 ciuium
322 4192 676 4278 patet,i.a.lmo,recie.
702 4191 1024 4276 ltaqueutheneiisc-
1079 4190 1162 4274 Plato
1190 4207 1247 4248 non
1272 4196 1369 4262 negat.
1399 4138 1509 4250 Bainde
1534 4137 1640 4277 adiit:
1672 4139 1843 4270 fluctusque
1865 4213 1917 4253 no·

197 4265 272 4320 tent.
299 4262 319 4322 1.
336 4283 357 4332 i,
373 4281 398 4321 o.
424 4265 512 4322 tl:«
525 4267 580 4323 Sed
603 4282 660 4339 ipsi
684 4281 752 4321 cum
776 4267 838 4320 sint
862 4264 1024 4336 perditores
1078 4278 1167 4318 minis
1192 4267 1281 4320 testea
1316 4278 1381 4320 esee
1409 4265 1453 4322 vel
1477 4281 1555 4392 maffia
1583 4265 1726 4336 adsunt,
1760 4269 1818 4326 boa
1846 4273 1911 4338 est,
2004 4311 2005 4344 .

198 4333 365 4404 hominum,
381 4337 518 4395 custodes
532 4343 631 4395 teman
647 4351 678 4393 se
693 4335 784 4392 videri
798 4333 952 4404 voluntat
965 4335 1022 4409 ipsi
1077 4333 1188 4391 adsunt
1200 4339 1311 4406 testss;
1327 4336 1437 4393 adsunt
1460 4336 1527 4393 testi
1551 4335 1630 4406 curi;
1647 4339 1770 4396 adsunt
1785 4339 1916 4397 testimo·
2004 4351 2005 4360 ¹

196 4405 332 4464 colantur
354 4413 383 4464 et
400 4411 476 4466 Deus
500 4409 696 4467 nauculatur.
716 4431 726 4458 ι
744 4405 845 4466 Possis
869 4405 911 4464 ita
932 4406 1020 4464 etiam
1076 4405 1125 4462 nio
1140 4405 1280 4476 dicundo,
1296 4423 1402 4479 nempe
1426 4424 1490 4466 esea
1505 4411 1533 4464 et
1557 4408 1716 4468 demones
1733 4415 1766 4468 at
1786 4412 1918 4486 angelos.

196 4475 404 4553 interpungere
428 4479 538 4551 locum,
554 4481 662 4538 dicotur
683 4477 913 4535 meditatorium.
935 4478 1022 4536 Plane
1075 4477 1142 4549 Ipse
1166 4495 1232 4552 pag.
1259 4495 1322 4552 eaq.
1347 4483 1446 4552 btagos
1474 4480 1583 4537 habere
1611 4479 1690 4538 dicit
1718 4482 1917 4540 invitatorum

195 4551 307 4608 abono.
323 4552 380 4608 Sed
395 4553 658 4627 quomodocunque
679 4550 731 4608 ilat
742 4549 903 4619 distinctio,
918 4549 1020 4608 nullus
1073 4548 1245 4622 angelorum
1261 4555 1289 4608 et
1303 4551 1470 4609 demonum
1494 4552 1687 4610 assistentem
1706 4555 1769 4611 sihi
1787 4560 1919 4630 potesta·

194 4620 270 4682 alius
285 4628 384 4696 potest
407 4641 472 4682 esse
486 4641 601 4690 sensus,
617 4638 705 4694 quam
729 4622 881 4694 illaquam
898 4638 951 4678 nos
966 4622 1018 4678 ds·
1072 4624 1142 4678 tem.
1160 4621 1223 4679 ais.

192 4693 301 4752 dimus.
316 4699 392 4752 blata
419 4701 496 4752 certa
524 4695 715 4752 distinctione
743 4695 883 4767 deceptus
907 4710 924 4751 a
949 4708 1017 4752 vero
1106 4693 1146 4766 (8)
1160 4695 1198 4749 De
1212 4692 1328 4766 anqeiis.
1345 4694 1377 4750 In
1402 4693 1566 4750 stultaista
1594 4693 1743 4764 opinions
1760 4695 1822 4753 tuti
1848 4712 1919 4769 quo·

191 4765 309 4824 aberrat
331 4767 417 4840 Casp.
434 4766 583 4836 barthius,
600 4767 649 4840 qui
664 4765 882 4838 contemplatus
896 4768 942 4822 est
957 4765 1016 4822 tiso
1070 4779 1128 4836 que
1142 4764 1261 4822 Tertull.
1281 4769 1313 4821 ut
1329 4766 1441 4838 putarit
1455 4782 1489 4822 ex
1504 4765 1717 4823 commistione
1740 4765 1920 4842 angelorum

189 4839 278 4896 verba
292 4838 323 4894 in
350 4838 424 4895 libro
448 4839 518 4895 Ado.
535 4855 578 4908 nv,
595 4855 658 4911 cap.
673 4838 702 4906 5,
716 4837 839 4911 vultque
862 4837 919 4922 legi
936 4853 943 4893 τ
961 4842 1014 4895 De·
1069 4851 1137 4892 cum
1162 4835 1332 4894 hominibus
1358 4841 1442 4894 natos
1468 4838 1629 4900 demones.
1646 4838 1733 4896 mala
1760 4840 1918 4898 intellecto

188 4909 375 4968 hemeterium
391 4927 408 4966 a
423 4911 493 4967 bono
516 4909 594 4983 Orici
617 4915 709 4968 inunt
730 4914 838 4983 poete:
853 4914 886 4966 ut
900 4912 943 4963 itu
967 4907 1013 4964 in·
1027 4927 1052 4995 p
1069 4907 1138 4965 Gan.
1155 4925 1194 4972 vi.
1210 4910 1239 4965 5,
1256 4910 1358 4980 ltaque
1373 4925 1476 4966 rursus
1492 4911 1528 4966 lle
1550 4909 1649 4966 idolol.
1668 4925 1742 4982 cap.
1762 4911 1783 4966 9
1799 4929 1808 4969 :
1827 4935 1843 4963 a
1858 4915 1917 4968 An·

188 4987 319 5039 nuantur
342 4982 393 5038 illa
407 4983 538 5040 carmina
564 4986 593 5039 at
606 4981 717 5055 hymni,
735 4982 785 5054 qui
807 4980 952 5053 hodieque
968 4997 1013 5036 sx-
1067 4980 1148 5051 gelos
1164 4979 1230 5038 illos
1251 4996 1316 5038 esse
1331 4981 1496 5038 desertores
1520 4980 1583 5053 Dei,
1598 4985 1760 5040 amatores
1787 4983 1918 5042 famina-

187 5057 268 5110 stant
283 5052 371 5110 istius
387 5053 499 5112 nomini
516 5055 661 5127 inscripti,
676 5058 705 5109 et
720 5053 792 5110 satis
807 5057 877 5110 suut
893 5052 1010 5108 vetusti.
1068 5067 1144 5110 rum.
1161 5073 1176 5104 ii
1193 5052 1362 5110 Lactantius
1386 5068 1502 5126 quoque
1517 5051 1568 5109 lib.
1586 5068 1618 5118 ιι,
1643 5068 1667 5109 c.
1689 5055 1729 5108 15
1747 5071 1755 5110 :
1778 5077 1791 5106 a
1812 5057 1918 5141 ltaque

185 5123 227 5180 De
242 5125 386 5182 demonio
401 5140 468 5182 varo
483 5127 608 5182 Socratis
624 5124 714 5183 locuti
738 5124 931 5198 sapientiores
946 5123 1012 5180 ath·
1066 5122 1131 5181 illos
1146 5141 1214 5180 cum
1230 5123 1399 5182 hominibus
1419 5127 1643 5191 commorantes,
1660 5123 1854 5184 dominator
1870 5127 1919 5186 ille

186 5195 255 5266 uici,
273 5195 347 5253 nibil
371 5194 451 5254 aliud
468 5197 674 5255 intellexerunt
696 5195 754 5253 nisi
770 5195 924 5269 providum
945 5196 1010 5278 ejus
1065 5197 1148 5252 terras
1164 5195 1375 5253 fallacissimus
1390 5196 1602 5253 consuetudine
1617 5196 1682 5322 ipsa
1701 5197 1864 5281 paulatim
1882 5202 1918 5257 ad

183 5266 317 5323 animum
342 5270 370 5324 et
407 5269 604 5344 perspicacem
629 5270 660 5327 in
684 5267 792 5326 tuturis
815 5268 913 5326 rebus.
936 5265 1008 5326 ilinc
1063 5267 1134 5324 vitia
1145 5267 1468 5340 pellexit,stmulierum
1479 5267 1628 5341 congressi
1652 5283 1737 5324 usin
1767 5270 1918 5336 uicerit.»

182 5331 288 5409 balpare
304 5335 449 5412 iiidcccl
466 5341 543 5428 ψυχὴ
558 5342 604 5398 cui
622 5359 657 5400 ue
670 5342 781 5399 animus
800 5341 909 5397 daemon
932 5339 1006 5396 dici·
1061 5340 1180 5425 eiusad
1196 5339 1369 5411 prudentior
1382 5341 1577 5415 iluguetinua,
1592 5355 1684 5414 quam
1703 5285 1784 5400 viia
1799 5343 1840 5402 da
1857 5344 1918 5403 Ciu.

181 5411 262 5466 tura
286 5410 447 5471 Xenocrate
474 5413 587 5488 pbiloso
604 5359 647 5471 iic
671 5413 749 5486 apud
771 5411 967 5483 Aristotelem,
984 5428 1005 5469 ii
1061 5411 1120 5477 liei,
1137 5411 1157 5467 l.
1173 5427 1221 5480 xv,
1237 5427 1262 5468 o.
1278 5411 1322 5466 23.

181 5481 349 5556 Topicaram,
365 5483 416 5557 qui
432 5485 542 5543 ibidem
558 5429 707 5558 etiamen
730 5484 859 5570 appellat
874 5497 941 5566 oum
957 5483 1003 5566 cui
1097 5481 1136 5554 (9)
1151 5482 1219 5538 Gens
1233 5482 1408 5566 damonum.
1433 5483 1564 5566 [iactant.
1586 5481 1658 5538 ibid.
1679 5501 1697 5532 u
1716 5481 1780 5566 Qui
1809 5489 1917 5543 autem

178 5554 256 5612 bona
271 5571 355 5612 mens
382 5559 567 5631 contigisset.
582 5555 729 5615 Socratica
744 5563 831 5614 etiam
857 5559 1003 5628 sapientia
1060 5557 1131 5609 sunt
1153 5569 1187 5609 ax
1211 5553 1259 5611 his
1284 5554 1523 5628 procreationis
1549 5570 1644 5626 neque
1665 5553 1783 5628 angeli
1812 5574 1917 5632 nequa

177 5626 312 5685 imbutus
328 5627 483 5702 liuripidas
498 5631 574 5701 apud
591 5631 739 5688 ‘l'bscncm
756 5646 785 5703 p.
796 5628 1000 5702 bill'rogymn.
1058 5623 1193 5682 homines
1209 5625 1339 5692 fuerunt,
1355 5626 1406 5682 sed
1429 5627 1555 5683 madiam
1572 5623 1746 5710 quamdam
1764 5632 1918 5688 naturam

176 5697 223 5752 τὸν
239 5702 302 5755 νοῦν
315 5699 395 5774 ἡμῶν
421 5697 533 5758 ἑκάστου
550 5700 609 5766 ecto
627 5701 723 5764 dixit:
740 5724 754 5754 a
771 5705 899 5760 mentem
915 5715 1000 5759 surm
1057 5701 1202 5768 gerentes,
1218 5701 1360 5754 nunaunt
1375 5699 1410 5755 ed
1426 5697 1536 5758 interos
1550 5701 1670 5773 recepti,
1690 5703 1786 5758 sicut
1808 5718 1869 5762 neo
1885 5701 1919 5762 iii

177 5768 340 5834 damonem
356 5773 472 5849 cuique.
488 5795 504 5829 u
519 5773 590 5835 lius.
1056 5767 1162 5829 crolum
1178 5773 1315 5845 parantes
1329 5785 1442 5830 eorum.
1461 5792 1473 5825 i
