4068 6186
116 375 165 436 tot
797 381 849 442 hu
870 381 1148 448 spucrhcuhts.
1762 377 1821 440 702

116 507 267 576 husierro,
282 509 318 566 nh
333 509 469 569 hostibus
497 513 586 570 etiam
611 529 697 570 cruce
718 513 838 570 extincti
858 518 938 582 sunt,
953 517 981 584 Α
995 517 1112 588 quante
1127 513 1287 586 qualesque
1301 527 1432 587 persone
1461 510 1636 584 inopinatos,
1660 507 1822 572 natatibus,

117 595 182 655 torti
196 598 354 671 prius,imo
370 603 398 656 et
414 599 494 657 omni
523 603 701 659 contumelia
715 603 852 676 expuncti
864 603 938 676 (22)Ι
996 609 1024 660 et
1039 603 1244 677 dignitatibus,
1275 606 1303 658 et
1327 601 1508 674 corporibus,
1538 605 1567 656 et
1591 599 1727 656 statibus
1746 598 1820 668 sule,

116 692 204 744 Nenro
219 688 380 745 nunctiam
396 688 527 747 hominis
542 707 633 748 causa
657 691 734 749 028
758 693 819 764 pall
834 696 940 764 potest,
995 693 1091 750 exitus
1117 693 1256 758 referunt,
1285 690 1415 748 bominis
1439 705 1547 747 causa:
1575 694 1626 745 aut
1645 688 1682 744 ah
1704 687 1779 761 ipso,
1796 687 1821 743 ei

116 776 403 850 quodincausaDei
432 777 493 850 pati
519 779 644 835 dnhitnt.
674 780 714 836 nd
740 779 795 836 hoc
820 781 940 852 quidem
995 787 1178 838 contraeum
1197 782 1335 838 iecerint:
1353 785 1404 836 aut
1432 779 1468 836 ab
1498 779 1674 836 adversariis
1703 776 1820 849 ejue,si

113 864 157 922 rel
182 867 339 940 praesentio
378 867 465 924 nohis
501 873 633 941 tempora
661 869 838 926 documenta
869 870 939 940 sint,
996 887 1048 944 pro
1064 887 1097 928 eo
1113 870 1259 927 steterint.

798 996 1058 1060 Commentarius.

111 1099 197 1170 juxta
212 1097 381 1156 cubiculum
396 1115 485 1155 eumn
500 1098 597 1157 locare
625 1099 741 1158 solitus.
756 1099 842 1158 ditari
859 1103 941 1160 hlium
1029 1120 1125 1160 xxxix.
1143 1103 1233 1160 Rana.

114 1186 331 1228 aumenomen
355 1175 428 1238 erat,
445 1171 526 1228 alteri
556 1172 742 1230 Innocentio.
758 1172 938 1232 Multosillss
1029 1173 1369 1248 (submurmurantis
1391 1173 1530 1242 expuncti.
1562 1169 1612 1226 llic
1636 1169 1721 1225 audie
1745 1168 1818 1252 'l'er-

115 1241 255 1299 mortales
268 1241 431 1310 laniarunt,
455 1244 567 1300 ridente
593 1248 622 1301 et
651 1245 705 1302 hac
734 1245 937 1303 saevitiadele-
993 1242 1509 1318 tullianiverhum3signillcatnihil
1531 1240 1817 1298 contumelieomrs-

114 1317 193 1372 clato
220 1314 363 1388 principe.
391 1318 502 1372 Atrctor
530 1317 703 1374 Ammianus
731 1316 857 1375 Marcell.
885 1317 937 1375 lih.
993 1319 1161 1391 sum,qund
1177 1318 1289 1375 illinon
1305 1319 1364 1374 sint
1378 1315 1521 1391 perpessi.
1538 1314 1630 1370 Rasa.

204 1627 296 1832 o.
364 1629 642 1798 sunu.
706 1634 997 1803 anon.
1061 1628 1734 1801 ranunculum

606 1913 714 2036 DE
770 1913 1327 2040 SPEGTAGULIS

865 2135 976 2192 tisun.

146 2406 218 2460 curn
234 2417 295 2462 non
310 2404 404 2462 Rome
419 2405 522 2478 solum,
536 2408 585 2463 sed
602 2421 651 2476 per
678 2405 835 2477 provincias
855 2407 942 2463 etiam
967 2414 1079 2478 propter
1103 2406 1197 2464 Severi
1217 2405 1339 2463 reditum
1363 2403 1565 2472 victoriamque
1589 2401 1624 2458 de
1647 2398 1749 2456 hlhioo
1772 2413 1816 2455 re·

111 2499 252 2562 portatam
276 2494 425 2550 ederentur
448 2493 620 2566 spernente,
643 2493 731 2552 tihros
753 2495 788 2552 de
814 2493 981 2566 Spectaculis
1005 2502 1033 2552 et
1053 2494 1086 2551 de
1108 2493 1269 2552 idololotria
1293 2509 1326 2550 ea
1340 2492 1489 2550 occasione
1503 2489 1650 2560 scripsisse
1664 2485 1816 2543 Tertullia-

110 2595 181 2636 num
194 2581 237 2638 (ll.
260 2581 415 2640 Nmaseltus
438 2582 653 2641 demonstrarit.
682 2581 821 2641 Nonnulli
847 2583 978 2654 equidem
1000 2585 1161 2654 conjectant
1183 2582 1286 2640 librum
1310 2580 1344 2638 ds
1369 2579 1538 2653 Spectaculis
1561 2577 1611 2634 ahs
1642 2573 1817 2634 Tertulliano

110 2670 304 2741 compositum
317 2672 405 2728 inisse
419 2674 449 2729 tn
465 2673 669 2744 Montanismn,
686 2675 751 2743 quia
764 2673 793 2728 in
814 2671 865 2728 illo
880 2673 916 2728 iis
939 2671 1087 2740 sullrnpsrt
1111 2673 1229 2738 ridetur,
1255 2673 1304 2743 qui
1329 2669 1515 2726 revelationes
1540 2667 1673 2738 petebant
1687 2662 1816 2733 (Tertull.

111 2759 162 2816 lib.
177 2757 311 2832 despect.
327 2775 390 2833 cap.
416 2761 474 2834 29).
501 2761 607 2818 Verum
631 2763 694 2833 quis
722 2763 823 2825 nescit,
839 2771 866 2817 et
880 2761 958 2832 ipsos
972 2760 1104 2818 Ecclesiae
1119 2760 1269 2819 catholicae
1284 2767 1422 2833 martyros
1435 2756 1620 2815 resolutiones
1639 2770 1655 2809 a
1683 2752 1740 2809 Deo
1755 2768 1818 2822 pos·

111 2846 228 2916 tnlasse,
256 2855 287 2904 ut
310 2849 407 2906 videre
430 2857 472 2906 est
496 2850 525 2905 in
552 2850 625 2907 actis
647 2855 811 2907 aeneorum
835 2849 979 2921 Perpernae
1003 2858 1030 2906 et
1045 2851 1197 2908 Felicitatis
1212 2850 1305 2923 (xxxi
1319 2851 1385 2905 dcto
1398 2849 1522 2911 sincero,
1539 2843 1665 2912 Ruinari,
1682 2858 1744 2913 pag.
1759 2840 1817 2913 87),

110 2951 176 3006 qne
205 2935 319 3006 publice
341 2937 371 2994 ln
395 2939 523 2996 collectis
553 2939 717 2996 tenebantur
742 2939 917 3011 temporibus
947 2941 978 2997 l).
1004 2939 1157 3008 Augustini
1180 2941 1280 3006 (Serra.
1305 2936 1393 3006 280st
1408 2937 1494 3000 hdrle,
1511 2934 1584 3005 quod
1599 2935 1627 2987 S.
1656 2929 1816 3002 Cyprianus

109 3039 244 3094 expresse
271 3033 388 3092 asserat,
414 3027 591 3086 confessores
616 3028 651 3085 de
676 3027 837 3085 imminenti
857 3043 958 3086 eornm
983 3028 1116 3098 martyrio
1139 3043 1187 3098 per
1212 3027 1348 3084 visionem
1376 3041 1451 3096 saepe
1474 3019 1737 3080 admonitosiuisse
1752 3017 1818 3088 (Gy-

109 3113 204 3182 prian.
221 3115 302 3184 epist.
320 3114 351 3170 ll
369 3123 396 3172 et
412 3116 466 3188 ld).
482 3119 550 3172 Utut
564 3123 659 3174 antem
687 3116 746 3174 hec
761 3117 829 3186 sint,
852 3124 929 3174 certe
950 3132 1051 3188 scopus
1076 3117 1161 3188 hujus
1185 3124 1319 3172 tractatus
1334 3114 1387 3170 lhit
1400 3113 1475 3184 apud
1490 3108 1711 3173 Tertullianum,
1735 3104 1818 3161 Chri·

107 3201 220 3258 stianos
245 3202 378 3276 ipsosque
392 3203 644 3262 catechumenosa
665 3206 837 3276 spectaculis
861 3221 988 3270 avocare,
1013 3204 1235 3262 demonstrando
1261 3219 1346 3275 qnam
1371 3201 1563 3259 inverecunda
1578 3198 1636 3254 sint
1656 3191 1819 3265 hujusmodl

106 3288 329 3360 oblectamenta,
344 3308 417 3350 verae
432 3293 529 3365 pietati
544 3293 690 3366 cultuiqne
706 3294 820 3350 sincero
836 3309 921 3365 quern
947 3295 1003 3349 Deo
1028 3291 1175 3363 dehemus,
1200 3292 1351 3359 contraria,
1377 3297 1460 3361 atque
1484 3287 1519 3344 iis
1538 3287 1622 3343 etiam
1640 3282 1743 3340 inlecta
1770 3279 1820 3352 qui

108 3378 200 3436 laetus
213 3381 324 3450 mnndi,
339 3382 497 3454 voluptates
519 3399 553 3440 nc
576 3381 765 3442 idololatriam
791 3383 947 3453 ejurarunt.
975 3383 1067 3440 l‘rimo
1082 3384 1138 3440 duo
1153 3380 1314 3454 plausibilla
1334 3379 1515 3439 ethnicorum
1530 3379 1698 3445 argumenta
1724 3383 1820 3428 remo·

107 3475 164 3535 ret,
179 3483 299 3539 qnorum
315 3471 460 3542 primum:
476 3472 555 3530 Nihil
569 3473 726 3546 obstrepere
740 3471 874 3543 relipioni
888 3473 918 3528 r'n
933 3473 1029 3529 animo
1043 3474 1070 3527 et
1085 3473 1116 3527 in
1129 3471 1298 3529 conscientia
1320 3472 1398 3526 muto
1420 3467 1521 3524 solotio
1544 3465 1729 3522 exstrinsecus
1755 3473 1822 3516 ocu·

107 3556 212 3626 lorum,
227 3559 272 3615 net
285 3560 412 3629 cudunt,
426 3577 477 3618 nec
488 3577 551 3618 nero
565 3563 649 3620 iteum
663 3561 766 3636 offenda
780 3561 960 3620 oblectatione
980 3561 1120 3630 bominir;
1144 3561 1302 3618 secundum
1318 3577 1326 3616 r
1351 3559 1531 3624 Garutianus,
1559 3551 1723 3623 expeditum
1735 3530 1822 3648 moriz

107 3659 207 3716 penas,
223 3647 261 3704 od
274 3647 350 3707 hone
362 3651 578 3708 obstinationem
593 3651 702 3707 audiri
721 3651 899 3708 abdicatione
922 3650 1103 3724 uoluptatum,
1125 3663 1177 3722 pne
1200 3647 1316 3721 [acilius
1340 3649 1427 3703 vitam
1449 3648 1641 3713 contemnant,
1667 3636 1808 3711 amputati

108 3735 370 3804 ermeneumata
391 3739 460 3812 ejus.
482 3738 604 3812 Explosa
628 3739 694 3796 dein
722 3738 778 3797 alio
798 3738 918 3797 ridicula
941 3737 1100 3812 objectione
1114 3753 1298 3811 paganorum,
1315 3736 1390 3808 quod
1406 3735 1504 3793 omnia
1517 3747 1578 3805 que
1594 3730 1702 3788 theatro
1730 3727 1820 3784 inser·

109 3822 203 3894 siant,
215 3828 301 3895 isne,
315 3843 395 3897 sone,
411 3827 513 3896 bones,
528 3827 601 3885 vires
615 3829 748 3901 corporis,
761 3829 835 3884 uocis
858 3828 1008 3886 mannans
1035 3829 1092 3885 sint
1117 3843 1161 3884 res
1184 3843 1203 3883 a
1224 3827 1277 3884 lieo
1299 3829 1414 3894 creatu,
1438 3832 1522 3895 atque
1536 3827 1684 3893 propterea
1702 3831 1760 3874 non
1776 3829 1818 3873 re·

109 3912 279 3982 pedianus,
303 3915 465 3988 exceptioni
489 3917 678 3988 quorumdam
713 3915 939 3974 Christianorum
961 3917 1161 3984 asserentium,
1187 3915 1384 3986 inscriptura
1407 3927 1487 3969 sacra
1515 3908 1620 3966 nullibi
1648 3903 1819 3978 spectaculis

108 4003 213 4059 adesse
236 4017 368 4076 expresse
395 4002 550 4078 prohiberi,
566 4005 686 4080 opponit
700 4004 750 4063 illa
775 4006 844 4078 regii
858 4006 1023 4078 Prophetas:
1049 4009 1148 4064 Beatus
1162 4006 1215 4075 uir,
1231 4006 1347 4078 quinon
1360 4003 1434 4061 abiit
1448 4003 1478 4058 r'n
1492 3999 1641 4058 concilians
1655 3995 1817 4068 impiorum,

109 4097 135 4146 et
150 4091 183 4147 s'n
193 4091 242 4148 uio
253 4097 429 4165 peecatorum
442 4109 498 4151 non
511 4096 595 4166 stelit,
611 4101 639 4152 rt
653 4096 685 4151 in
698 4095 832 4154 emhedro
843 4094 1016 4171 pestilentiae
1030 4112 1086 4154 non
1097 4095 1168 4155 sedit
1182 4094 1267 4166 (Psoi.
1285 4111 1305 4158 1,
1322 4093 1359 4166 l).
1379 4090 1464 4148 uadit
1478 4089 1545 4147 dein
1563 4087 1598 4144 ad
1624 4085 1698 4142 hanc
1721 4083 1819 4154 lugam

108 4179 202 4237 teneri
218 4179 327 4252 fideles,
343 4181 411 4254 qula
433 4199 535 4255 aquam
557 4183 682 4258 ingressi
704 4183 790 4242 tidem
816 4185 936 4258 proiessi
961 4192 1039 4254 sont,
1061 4193 1088 4244 et
1118 4184 1295 4243 renuntiasse
1317 4179 1431 4238 diaholo
1459 4185 1485 4236 et
1514 4193 1627 4251 pompa
1654 4181 1683 4232 et
1708 4167 1819 4243 angelis

108 4267 174 4337 ejus
197 4282 247 4324 ore
261 4282 313 4327 suo
327 4270 478 4329 contestati
492 4275 569 4340 sunt,
585 4278 613 4330 et
628 4272 710 4330 ludos
723 4287 757 4330 ac
771 4273 932 4346 spectacula
954 4275 987 4330 ad
1008 4273 1197 4332 idololatriam
1225 4271 1368 4346 pertinere
1392 4268 1526 4335 alllrmat,
1553 4283 1571 4322 e
1599 4279 1654 4337 qna
1678 4259 1818 4332 originem

108 4371 193 4413 snam
210 4358 330 4416 traxisse
347 4359 532 4430 demonstrat,
548 4365 634 4434 atque
647 4360 781 4419 ludorum
806 4363 934 4431 nomina,
959 4363 1124 4420 eorumdem
1149 4367 1315 4434 apparatum
1342 4357 1562 4423 idololatricam,
1592 4353 1655 4411 loca
1681 4345 1819 4421 supersti-

107 4443 184 4501 tiosa
202 4449 234 4502 et
253 4454 328 4504 artes
352 4455 489 4505 recenset.
514 4448 556 4506 De
577 4449 654 4508 olrco
676 4450 819 4508 disserens
846 4449 902 4508 ait:
927 4451 1055 4523 quamvis
1078 4453 1173 4509 circus
1192 4451 1274 4507 idolis
1289 4458 1316 4507 et
1331 4449 1422 4523 signis
1435 4441 1636 4517 superstitiosis
1662 4445 1735 4496 esset
1762 4435 1818 4492 im-

107 4534 216 4604 pletas,
234 4535 423 4594 nihilominus
442 4538 706 4598 Christianosextrs
732 4541 958 4611 spectaculorum
984 4547 1097 4615 tempus
1125 4541 1187 4598 sine
1210 4539 1330 4598 crimine
1346 4553 1429 4611 posse
1455 4537 1573 4602 intrare,
1604 4532 1678 4590 sicut
1704 4529 1736 4585 in
1757 4527 1819 4598 lpsa

107 4625 216 4696 templa
230 4623 382 4695 intrarent,
398 4626 423 4683 sl
441 4641 526 4685 causa
550 4627 677 4686 intrandi
702 4629 786 4702 calpa
809 4637 901 4688 ranst.
926 4630 968 4688 De
990 4629 1067 4688 circo
1088 4629 1190 4686 transit
1212 4629 1247 4684 ad
1271 4628 1410 4684 theatrum
1433 4621 1639 4696 particulariter
1666 4615 1770 4675 Veneri
1791 4622 1819 4672 et

107 4711 222 4771 baccho
237 4716 540 4786 consecratam31nde
567 4716 603 4774 ad
621 4717 792 4775 athletarum
817 4718 973 4776 certamina
995 4733 1047 4776 suo
1070 4731 1188 4790 queque
1203 4715 1316 4772 numini
1337 4721 1456 4783 sacrata,
1473 4720 1500 4770 et
1514 4712 1637 4781 denique
1651 4707 1686 4766 ad
1708 4703 1819 4778 gladia·

106 4807 194 4870 tores,
211 4802 262 4874 qui
275 4817 355 4860 snam
370 4804 484 4876 pompis
507 4803 634 4863 innerels
652 4805 791 4878 originem
816 4804 978 4875 dehebant;
1005 4805 1105 4863 ultima
1126 4805 1187 4863 haeo
1201 4801 1362 4876 spectacula
1376 4802 1410 4859 ad
1425 4799 1666 4871 amphitheatrum
1694 4793 1820 4868 partine-

105 4889 185 4948 hanc
206 4889 262 4948 Sed
278 4899 382 4964 praeter
395 4893 596 4962 idololatriam,
621 4907 736 4951 canmm
760 4893 959 4967 principalem,
983 4894 1055 4952 aliar
1076 4892 1171 4952 adhuc
1192 4898 1395 4951 commemorat
1412 4891 1546 4956 rationes,
1561 4887 1598 4946 oh
1612 4901 1682 4959 quas
1709 4887 1818 4954 specta·

103 4979 172 5037 cula
186 4996 205 5037 a
219 4978 388 5038 Christianis
402 4981 518 5040 sitands
532 4981 600 5052 slnt,
613 4981 771 5055 periculum
785 4981 896 5041 scilieet
909 4981 1060 5040 amittendi
1073 4981 1211 5056 Spiritum
1223 4988 1354 5038 sanctum
1379 4978 1410 5036 in
1434 4976 1628 5035 commotione
1650 4971 1816 5044 passionum

102 5075 291 5139 nostrarum
307 5070 441 5128 manns
454 5071 585 5145 temporis
608 5071 770 5130 (thrlstlano
793 5072 863 5130 adeo
887 5071 1013 5145 pretiosi,
1038 5071 1167 5144 injurias,
1190 5069 1352 5136 maledicta,
1376 5067 1535 5126 calumniae
1559 5073 1587 5123 at
1610 5061 1747 5121 consloia.
1772 5057 1816 5116 Ihi

101 5159 595 5235 qnippepnhlioeomnianeianda
610 5163 849 5238 producebantur,
879 5179 942 5236 qum
966 5161 1033 5221 alibi
1075 5177 1270 5222 summennrs
1297 5159 1502 5220 ccultahnntur.
1532 5159 1675 5227 Quantum
1703 5169 1720 5209 a
1747 5166 1816 5208 sana

99 5250 216 5308 ratione
229 5250 391 5322 abhorreat,
407 5251 542 5321 ostendit,
558 5268 591 5310 ea
605 5253 637 5310 ln
652 5252 819 5325 tpectaculir
833 5252 937 5326 cupide
950 5268 1088 5325 quaerere.
1110 5267 1174 5325 quae
1192 5252 1223 5310 in
1244 5251 1353 5322 reliquo
1376 5250 1439 5306 ritae
1461 5245 1634 5306 commercio
1647 5243 1744 5302 videre
1772 5239 1816 5296 rel

99 5338 285 5396 committere
298 5339 391 5410 pudor
405 5343 435 5398 et
448 5338 550 5398 horror
567 5345 676 5398 vetant.
703 5341 776 5398 'l'nm
791 5341 868 5399 620
893 5342 1004 5413 pergit:
1027 5347 1129 5399 lterum
1149 5355 1248 5398 eorum
1271 5340 1439 5414 incepissem,
1464 5353 1533 5410 qnos
1553 5340 1647 5410 toene
1669 5347 1726 5390 non
1752 5329 1815 5386 lieet

96 5427 200 5484 nidere
213 5441 270 5482 non
283 5427 407 5500 expedit:
428 5432 510 5500 mous
524 5428 665 5501 respecta
679 5427 817 5487 tenende
841 5431 973 5502 crimino,
990 5433 1019 5488 in
1035 5430 1175 5489 comedia
1189 5431 1332 5487 lasciuiam
1343 5434 1527 5502 spectatorum
1549 5425 1638 5485 oculis
1666 5419 1811 5478 exhibetis.

98 5516 252 5572 Hominem
266 5518 376 5574 ratione
387 5517 550 5590 praedr'turn,
566 5517 705 5576 andrum
718 5526 744 5575 et
766 5535 864 5576 suumn
879 5534 939 5577 esse
960 5536 1017 5577 non
1041 5521 1125 5592 deca,
1147 5535 1213 5593 erpo
1234 5521 1319 5577 etiam
1340 5521 1450 5591 ospedu
1473 5516 1596 5583 horrido,
1618 5513 1667 5570 nti
1687 5507 1811 5566 hemines

98 5603 285 5664 trucidentur
297 5605 431 5663 delertmi
443 5622 499 5664 non
513 5605 597 5676 decet,
612 5609 738 5680 quamvis
752 5609 837 5666 etiem
851 5611 947 5667 necati
966 5611 1073 5684 fuerint
1099 5614 1187 5667 morte
1213 5609 1248 5666 oh
1269 5608 1373 5666 seelera
1396 5608 1484 5681 dipni.
1501 5609 1632 5664 insonum
1645 5608 1697 5668 ert,
1721 5598 1811 5653 artem

97 5695 187 5752 ιύαπι
200 5696 300 5766 nunni
311 5696 415 5768 suere,
430 5698 510 5770 crsjrn
520 5698 608 5770 periti
619 5697 652 5755 oh
666 5698 798 5770 internis}
810 5705 911 5756 notens
923 5699 1099 5756 honestorum
1113 5697 1256 5755 hominurn
1271 5699 1402 5754 scrutate
1415 5696 1613 5754 excluduntur.
1630 5689 1699 5747 Exin
1717 5685 1808 5742 larsa-

99 5791 202 5842 tornnr
215 5785 387 5856 proterviam
400 5783 538 5858 increpat,
554 5785 688 5858 sinisque,
703 5786 752 5859 qui
767 5792 859 5844 vestes
883 5785 1036 5848 muliebres
1058 5793 1247 5856 assumerent,
1273 5784 1442 5844 intentatam
1469 5790 1558 5842 atreo
1578 5776 1809 5838 maledictionem
