4134 6184
219 285 296 347 1373
489 284 755 350 rubrubttaitt
776 285 939 350 orbabis
962 283 1064 348 PARS
1086 283 1324 349 1.-stiitltts
1345 284 1386 360 ll,
1410 282 1646 348 baduarius.
1764 259 1768 264 Ι
1835 283 1905 346 ttae

216 418 379 488 temperata
400 416 505 473 abab
536 434 569 476 ao
598 417 688 490 probs
717 415 801 476 elatis
815 419 882 490 (28),
898 434 934 475 ne
961 416 1044 473 vultu
1057 423 1085 492 Α
1099 417 1294 490 exspectanti
1309 418 1461 484 Quomodo
1474 433 1544 490 ergo
1559 417 1651 475 oratio
1668 416 1750 474 iona
1769 419 1804 472 de
1815 421 1906 474 uentre

218 505 337 576 quidem
351 504 382 560 iu
398 506 552 562 audaciam
568 513 675 562 erecto.
700 511 773 562 Nam
789 507 839 564 ilie
858 507 1044 578 publicanus,
1099 507 1155 562 aeti
1179 507 1283 563 mii
1311 523 1363 580 per
1391 513 1478 564 tante
1506 507 1606 563 bestia
1634 506 1755 573 viscera,
1783 508 1817 560 ab
1841 505 1907 578 ipsis

219 593 269 664 qui
286 609 342 650 non
362 599 478 650 tautum
507 611 601 667 prece,
631 596 682 651 ssd
711 600 741 651 et
765 596 848 651 vultu
874 593 1045 651 humiliatus
1099 595 1214 668 abyssis
1242 613 1293 667 per
1319 600 1431 652 taniam
1461 594 1586 668 mq'uoria
1615 593 1720 652 molem
1748 594 1784 649 ad
1811 593 1906 650 crelam

218 686 306 754 atque
343 682 475 754 dejectus
509 685 635 752 oiubat,
670 683 861 755 justiiioatior
901 683 1044 740 Pharisao
1099 684 1194 756 potuit
1217 683 1361 741 evadare?
1387 683 1461 750 Quid
1484 684 1615 757 amplius
1643 683 1767 740 referent
1788 680 1845 750 isti,
1864 683 1908 754 qui

218 771 428 843 procacissimo
462 773 610 828 discessit.
641 772 733 829 Sonos
761 773 851 829 etiam
882 775 960 828 iocis
987 771 1043 845 (29)
1099 771 1347 830 clariusadorant
1368 772 1435 846 (32),
1461 772 1516 828 nisi
1541 773 1621 846 quod
1646 769 1787 846 proximis
1808 771 1910 826 obstre-

218 859 448 931 subjeotosesse
463 867 586 933 oportet.
608 864 667 918 Aut
694 860 812 934 quantia
839 861 956 917 arteriis
971 877 1045 934 opus
1098 861 1196 933 panti
1223 862 1283 918 lmo
1309 862 1458 935 prodendo
1486 862 1645 934 petitiones
1670 876 1751 931 suas,
1776 858 1844 931 quid
1860 859 1911 914 mi·

121 1017 126 1022 Ι
217 955 272 1016 sat,
290 949 315 1004 si
330 965 382 1021 pro
406 966 478 1007 sono
505 951 684 1008 audiemur?
705 955 782 1007 Deus
806 955 905 1006 autem
921 966 978 1007 non
994 966 1044 1006 vo·
1098 965 1156 1006 nus
1171 949 1292 1020 iaciunt,
1308 966 1397 1024 quam
1413 951 1437 1007 si
1453 949 1483 1008 in
1498 949 1617 1023 publico
1632 955 1717 1006 orent
1731 947 1809 1021 (seit

217 1036 259 1093 cis
274 1037 342 1110 (30),
359 1039 410 1096 sed
432 1040 531 1096 cordia
555 1041 671 1095 auditor
685 1049 738 1106 est,
764 1042 840 1096 sicut
863 1042 1043 1110 conspector.
1342 1039 1459 1096 barbi
1478 1039 1601 1096 XVill¹¹
1615 1039 1682 1112 (34).

218 1125 402 1182 [immanium
418 1127 528 1184 oraculi
545 1128 602 1200 (3))
619 1128 732 1201 Pythii:
748 1129 781 1184 Et
803 1132 922 1194 mutum,
936 1125 1043 1200 inquit,
1133 1126 1197 1183 Alia
1208 1127 1272 1200 jain
1289 1127 1480 1196 ,consuetudo
1503 1127 1629 1185 invaluit
1656 1126 1726 1200 (35),
1743 1125 1910 1199 jejunantes,

217 1215 354 1288 intelligo,
364 1222 454 1273 ctuosi
469 1217 623 1288 loquentem
634 1215 763 1274 exaudio.
775 1217 826 1273 liei
840 1233 926 1273 auras
937 1232 1043 1272 sunum
1098 1214 1199 1272 habita
1209 1214 1341 1274 oratione
1351 1232 1419 1273 oum
1433 1217 1585 1288 iratribus,
1598 1211 1911 1274 subtrabuntosoulom

932 1330 1034 1394 Varie
1048 1329 1209 1394 lectiones.

254 1426 277 1461 ⁸¹
293 1427 364 1500 Gap.
380 1426 442 1483 xiv
458 1427 543 1486 oliui.

942 1526 1204 1590 Commentarius.

218 1630 264 1686 Ab
279 1629 345 1687 aliis
367 1631 526 1688 referendis
551 1632 694 1704 abstineo,
722 1650 788 1690 cum
818 1637 847 1691 et
864 1649 924 1691 ievo
941 1635 1079 1702 nostross
1129 1632 1186 1704 (35)
1201 1632 1265 1688 Alia
1282 1633 1345 1705 jum
1358 1635 1532 1692 consuendo.
1560 1633 1661 1707 Aliqui
1688 1647 1758 1688 oum
1770 1629 1913 1702 jejunant·

218 1702 249 1759 in
265 1702 460 1759 ecclesiastica
474 1703 605 1777 liturgia,
619 1710 647 1760 st
658 1707 686 1762 iu
703 1708 795 1763 sacris
810 1704 951 1762 iaciendis
961 1703 1041 1760 cbri-
1095 1711 1147 1761 aut
1161 1710 1291 1776 tempore
1314 1706 1546 1780 quadragesima
1581 1709 1701 1780 paracta
1725 1702 1854 1760 oratione
1867 1717 1911 1756 uo·

219 1773 309 1831 atiani
324 1777 489 1832 sacerdotes
505 1791 610 1833 manus
625 1776 761 1834 attollant
775 1777 867 1834 Deum
883 1775 1039 1850 precaturi.
1094 1775 1161 1832 lunt
1176 1775 1281 1832 iratres
1295 1775 1433 1848 osculari,
1450 1793 1524 1850 quoe
1544 1751 1747 1835 'lertullianus
1769 1773 1911 1845 repreben-

220 1845 282 1903 Nou
299 1848 418 1918 quidem
440 1847 588 1904 sublimius
610 1849 759 1916 attollunt,
784 1850 835 1906 sed
850 1851 997 1920 temperate
1010 1863 1042 1902 uc
1096 1847 1149 1904 dit.
1166 1845 1199 1903 G.
1214 1849 1367 1905 Peucinos..

219 1918 313 1990 probe,
328 1925 361 1974 ut
376 1920 430 1974 boo
445 1918 475 1974 in
491 1918 555 1975 loco
570 1921 768 1978 Tertullianus
793 1922 892 1994 exigit,
908 1920 1043 1976 videlieet
1130 1916 1197 1974 Alio
1212 1923 1279 1992 jum
1305 1919 1467 1977 mmueiudo
1497 1919 1629 1976 inuoluit.
1658 1918 1729 1984 Quas
1757 1917 1911 1987 sequuntur

222 1991 463 2061 suprahumeros
490 2007 547 2046 uon
569 1993 719 2064 erigendo.
743 1995 835 2059 Quem
856 1992 1042 2049 sacerdotum
1095 1986 1910 2073 emendavimus,partimooujeotura,partimauctoritate

221 2060 311 2117 ritum
341 2061 570 2118 elevationemna
600 2081 750 2133 manuum,
776 2083 812 2120 an
843 2065 1041 2120 extensionem
1095 2055 1910 2136 codicisagobardi.Damnat'l'ertollianusconsuetudi·

223 2132 379 2203 appellem,
404 2133 511 2190 nescio.
534 2135 566 2190 ld
591 2135 710 2218 quidem
730 2139 854 2205 constat,
878 2133 1043 2208 antiquitus
1097 2149 1175 2200 nem,
1192 2148 1254 2206 qua
1267 2133 1329 2205 jam
1345 2141 1407 2190 tum
1424 2134 1695 2191 iuterGhristianos
1709 2130 1910 2215 inyaiueratut

222 2204 299 2260 inter
313 2205 494 2262 Gbristianos
509 2220 708 2276 promiscuum
726 2207 826 2274 luisse,
844 2211 875 2263 ut
888 2223 995 2264 manus
1012 2205 1042 2260 in
1097 2204 1228 2277 plerique
1240 2206 1347 2277 quibua
1359 2207 1463 2262 diebus
1473 2209 1583 2277 privato
1593 2199 1909 2272 seseaiiicieliantjeiii·

222 2277 369 2404 precanddo
384 2280 436 2404 aput
456 2277 668 2403 ipptoiierebtur,
690 2285 741 2336 aut
762 2279 793 2335 in
810 2281 933 2352 liguram
949 2277 1044 2335 crucis
1098 2273 1912 2346 umbrationemcumfratribusbabilsmnonciauderaul

223 2363 317 2492 sepau
340 2364 387 2404 sie
402 2365 447 2404 ur.
490 2364 574 2406 uair.

1099 2365 1179 2421 paca,
1190 2365 1246 2404 nou
1258 2351 1464 2422 consignarent
1473 2346 1573 2406 osculo
1604 2348 1665 2404 auis
1675 2364 1683 2414 ;
1694 2345 1774 2419 quod
1784 2341 1912 2428 orationis

272 2419 316 2502 28)
331 2420 368 2475 lc
381 2420 466 2491 probe
479 2421 566 2478 elutis.
583 2421 614 2477 id
631 2425 694 2478 esi:
711 2419 865 2496 paululum
889 2419 985 2490 elatis,
1000 2417 1045 2476 vel
1099 2419 1285 2492 signaculum
1296 2420 1421 2491 esseait,
1431 2426 1571 2492 utsupra,
1581 2366 1635 2477 goa
1647 2418 1911 2490 libro.aseignitam

228 2507 341 2564 pansis.
358 2490 391 2547 G.
407 2492 560 2548 Peucinos.
1100 2492 1261 2549 orationem
1277 2493 1362 2559 dixit,
1375 2498 1556 2550 transactam
1576 2493 1811 2561 coniectemque.
1828 2489 1911 2544 Prasii

263 2561 319 2633 (29)
334 2561 417 2618 Sonos
430 2566 514 2618 etium
528 2565 609 2620 uocis.
627 2564 657 2619 ld
673 2569 736 2620 est:
758 2567 871 2636 oportet
884 2561 1046 2626 vociferari,
1100 2564 1322 2621 consuetudinis
1332 2580 1450 2620 causam
1462 2579 1519 2620 non
1529 2563 1663 2636 inquirit,
1676 2578 1731 2618 nso
1742 2559 1826 2643 eliam
1836 2555 1911 2640 uulgo

226 2633 252 2688 si
267 2649 367 2689 vocem
384 2639 460 2690 Deus
474 2633 641 2707 inspiceret.
657 2635 718 2692 Nou
730 2637 885 2710 legendum
899 2641 944 2692 est
958 2635 1047 2691 inter-
1101 2635 1196 2691 alierri
1211 2634 1305 2705 video,
1319 2635 1375 2692 uisi
1391 2637 1470 2707 quod
1483 2635 1513 2692 in
1528 2634 1628 2692 osculo
1643 2631 1803 2714 hilaritatis
1812 2627 1910 2700 aliquid

229 2703 357 2775 rogation
372 2721 378 2772 ;
395 2705 450 2762 boo
464 2707 542 2761 euim
567 2705 647 2764 vult:
665 2707 689 2763 si
714 2724 766 2781 pro
781 2724 853 2765 sonu
878 2707 956 2763 vocis
971 2705 1048 2762 Deus
1100 2722 1165 2764 essa
1179 2705 1310 2764 dicerent
1329 2706 1458 2764 alienum
1484 2707 1520 2763 ab
1541 2705 1647 2778 jejunii
1672 2701 1911 2786 moeatitialuot113

228 2775 388 2844 exaudiret,
418 2783 494 2833 esset
522 2777 734 2850 clamandum
767 2781 817 2836 sad
847 2794 904 2835 non
936 2793 1047 2846 vocem,
1101 2794 1168 2850 que.
1184 2779 1300 2836 Proieci
1316 2778 1619 2853 suggestiunculam,
1633 2775 1749 2835 scilicet
1763 2791 1821 2830 oris
1828 2772 1911 2850 Jeiiiot

229 2862 329 2904 verum
347 2863 398 2902 cor
410 2847 538 2920 inspicit.
555 2848 672 2905 Paucis.
1101 2851 1338 2922 graveolentiam,
1355 2851 1432 2907 uude
1446 2849 1596 2922 Martialis,
1611 2847 1822 2921 epigrammata
1834 2846 1859 2912 t,
1870 2841 1912 2898 iib.

265 2948 301 2961 -
315 2917 401 2974 Sonos
424 2920 507 2976 eiiam
530 2923 603 2976 uocis
626 2921 760 2993 subjectos
780 2938 835 2979 eisc
857 2922 968 2993 oporiet.
989 2919 1047 2975 lieo
1100 2938 1140 2995 vi,
1155 2923 1276 2979 Bassam
1293 2921 1424 2979 redolere
1438 2921 1532 2980 dicit:

228 2995 274 3046 est
289 2989 453 3048 submissos
463 2997 508 3048 est
517 3007 711 3076 compressos,
723 3010 758 3050 ne
769 2993 934 3066 proximum
943 3006 1048 3065 quam·
1063 3002 1086 3074 ρ

229 3077 286 3134 qua
303 3062 440 3132 tui·bcnt;
466 3080 523 3119 nou
550 3079 628 3122 euim
643 3082 711 3121 voco
735 3072 780 3122 est
802 3082 877 3139 opus
905 3071 938 3120 ut
958 3063 1048 3121 alico

230 3133 285 3190 aud
291 3132 396 3189 lemur.
412 3139 445 3190 ln
460 3135 515 3190 bac
530 3137 676 3193 sententie
693 3138 811 3193 luerunt
824 3141 853 3195 et
876 3135 925 3192 alii
939 3134 1049 3203 Patres,

229 3205 339 3276 ‘lilii’e
361 3206 522 3274 dammi,
546 3223 633 3279 (1¹¹⁰OE
657 3208 693 3264 id
721 3210 810 3266 ⁰011OE
837 3209 884 3264 SS-
902 3207 1049 3279 llffliihetae
1104 3215 1160 3274 seo
1176 3215 1251 3270 hano
1266 3214 1411 3270 stomachi
1430 3230 1501 3270 sane
1524 3211 1706 3269 delicatioris
1731 3207 1877 3266 mollitiem
1891 3205 1916 3259 in

230 3275 396 3344 mittebant,
421 3294 478 3333 non
503 3278 572 3346 oris,
597 3279 647 3335 sed
672 3283 780 3336 mentia
807 3278 975 3342 clamorem,
996 3295 1048 3335 scii
1104 3287 1233 3343 robustis
1248 3285 1306 3342 iilis
1321 3292 1487 3358 temporum
1503 3300 1592 3357 prope
1614 3281 1842 3355 apostolicorum
1857 3293 1916 3351 pec·

228 3349 332 3403 ‘inimi‘
360 3348 537 3406 “meinaim
564 3351 732 3406 Mutilum
752 3357 803 3418 τῆς
824 3353 917 3434 ψυχῆς
946 3359 1049 3423 πριθι·
1104 3359 1220 3415 toribus
1240 3357 1343 3424 luisse,
1373 3360 1448 3414 baud
1471 3374 1537 3413 vero
1565 3355 1662 3412 simile
1690 3354 1916 3410 videatursoum

231 3415 307 3492 piei,
325 3425 356 3474 ut
370 3437 437 3476 eum
452 3421 633 3478 Tbaodureto
649 3423 762 3494 loquar,
778 3423 990 3496 intelligebant.
1006 3421 1051 3475 Vi·
1104 3436 1134 3487 et
1150 3435 1310 3503 martyrum
1333 3427 1363 3484 iu
1388 3444 1503 3485 earcere
1526 3424 1707 3500 squalorem,
1735 3431 1765 3482 et
1788 3425 1817 3480 in
1839 3435 1918 3499 mono

229 3489 317 3546 flendi
334 3490 773 3564 Bullinum-251¹liflflldfflffli
796 3511 821 3549 V·
840 3495 892 3550 1⁶2
917 3492 1051 3549 Clssmffl
1106 3501 1227 3557 liuentis
1252 3501 1320 3556 tabo
1349 3501 1487 3568 vulnera,
1516 3496 1674 3569 amplexari
1704 3513 1740 3552 ac
1768 3491 1917 3572 deosculari

231 3561 311 3616 Alex.
341 3560 443 3617 Sirom.
473 3561 525 3618 lib.
554 3580 612 3634 th3
641 3564 878 3636 Chryaoelomus,
907 3563 983 3622 hom.
1008 3564 1049 3631 12,
1105 3572 1280 3646 ipsoeetiam
1306 3569 1485 3628 muliercula
1507 3587 1564 3626 non
1589 3569 1838 3626 exhorrescerent.
1853 3562 1917 3628 Ouid

230 3636 314 3712 mma
333 3631 376 3694 vi
404 3637 432 3688 Β·
460 3633 653 3707 Αυῧῑῑθῒῑῡῦῡι
683 3643 712 3692 ⁰²
739 3635 808 3704 eiii;
838 3653 871 3692 ιθ
899 3636 928 3691 in
948 3636 1053 3720 primis
1106 3644 1208 3702 enimi
1234 3659 1302 3700 oum
1326 3649 1355 3699 et
1381 3643 1620 3714 interpretibus
1648 3640 1735 3696 basia
1748 3641 1917 3716 captaturum

231 3707 403 3775 Cyprianus,
419 3704 481 3775 qui,
496 3711 528 3761 ut
543 3705 572 3761 in
588 3705 664 3768 aliis.
680 3707 727 3764 iiio
738 3708 826 3763 etiam
836 3707 1052 3764 Tertullianum
1105 3721 1168 3773 tum
1184 3715 1279 3784 obvia,
1293 3719 1355 3770 tum
1375 3713 1544 3788 importuna
1568 3711 1671 3778 luisse,
1696 3711 1778 3767 idam
1793 3713 1919 3784 posteri·

233 3773 396 3830 describere
419 3776 544 3841 uidetur,
568 3793 632 3850 cap.
656 3779 674 3832 2
701 3778 823 3835 deOrui.
854 3779 935 3846 Ouod
952 3784 1052 3847 restat,
1107 3783 1679 3862 gniss00t‚lihr01x‚epigrammatum:

1228 3037 1304 3096 Quod
1317 3037 1421 3101 ieiunia
1434 3036 1656 3092 sabbatariorum,

1227 3101 1382 3152 limatorum
1396 3099 1469 3164 quod
1482 3098 1617 3150 anhelitus
1633 3110 1754 3148 reorum.

233 3844 345 3902 lieocde
373 3844 431 3903 iilis
458 3845 650 3921 intelligenda
676 3855 755 3923 sunt,
782 3851 832 3923 qui
859 3851 1054 3923 privatavoce

236 3932 287 3990 pro
303 3932 356 3972 suo
371 3917 490 3975 arbitrio
514 3919 543 3975 in
566 3919 685 3993 templis
709 3926 804 3979 orarii.
829 3925 938 3979 Horum
954 3939 1055 3997 preces

235 3988 430 4045 sacrationes
451 4007 487 4047 ne
514 4008 592 4048 nunc
617 3991 736 4065 quidem
760 3993 931 4060 toleramus,
956 3994 980 4051 ei
996 3995 1056 4050 aila

234 4074 304 4116 uoce
319 4061 513 4132 proterantur,
530 4066 641 4120 ceteris
655 4064 785 4122 demissa
801 4065 997 4137 precantibus.
1021 4069 1058 4120 At

235 4147 336 4189 vocam
369 4134 501 4190 attollere
539 4151 606 4191 aum
635 4137 757 4209 reliquis
786 4141 815 4192 et
837 4137 880 4195 ies
919 4142 947 4194 et
975 4135 1057 4210 pium

235 4207 292 4271 est,
321 4205 439 4276 quando
468 4207 651 4263 concorditer
677 4207 708 4264 in
737 4208 847 4280 templo
874 4225 964 4266 aserai
990 4225 1057 4281 per·

237 4279 366 4333 auntur
393 4291 515 4351 preces,
544 4281 573 4335 et
601 4295 659 4335 una
687 4281 732 4337 eet
766 4280 926 4336 multarum
955 4279 1057 4337 oratio.

237 4493 250 4544 t
268 4363 418 4545 ffibgm
433 4422 525 4502 ouum
536 4437 592 4548 ιιὸι
604 4423 690 4545 pecii.
702 4420 768 4477 lieo
784 4422 950 4478 adverbum
966 4425 1059 4478 trans·

253 4506 291 4545 ιιι
346 4529 352 4542 .
429 4506 539 4547 riunire.
582 4534 588 4548 .
626 4507 759 4549 iuoiaon.

274 4560 329 4630 (31)
341 4506 512 4643 Deligatum
538 4564 659 4619 oraculi.
688 4562 808 4621 Damon
837 4568 934 4622 mutos
965 4565 1058 4630 audit,

238 4646 308 4745 erg-(3
322 4632 518 4761 afflugit&
535 4632 651 4762 {mini
665 4705 784 4778 Pythii.
809 4706 984 4778 Hujusmudi
1013 4724 1060 4763 re·

239 4789 381 4846 sponsum
398 4793 414 4832 a
434 4776 565 4832 damone
588 4778 691 4860 Pptbio
714 4777 815 4833 datum
840 4778 930 4835 Croesi
945 4777 1060 4852 legatis,

238 4851 340 4904 auotur
354 4853 400 4903 est
415 4847 587 4919 Herodotus,
601 4849 652 4904 lib.
669 4866 678 4904 i
694 4849 762 4906 lli'rt.
779 4847 893 4906 Moriar.

276 4918 331 4991 (32)
348 4917 400 4986 oni
413 4918 516 4976 cianus
535 4921 661 4977 adorant.
689 4920 740 4976 Pro
766 4919 874 4978 clarius
896 4928 987 4990 eruut,
1004 4921 1059 4979 aci-

239 4987 309 5046 licet
323 4987 374 5061 qui
389 4987 477 5058 clara,
494 4996 580 5063 atqua
596 4988 690 5048 altiori
706 5007 773 5047 vocs
790 4997 878 5050 Deum
894 4998 1061 5068 precantur.

238 5060 314 5116 Alibi
330 5060 450 5117 verbum
467 5061 582 5120 odorere
601 5079 652 5138 pro
668 5061 797 5137 simplici
808 5080 891 5122 orare
904 5065 1062 5124 Tertullia-

240 5147 296 5187 nus
313 5134 475 5204 usurpevit,
492 5135 580 5206 idque
604 5135 690 5190 etiarn
712 5135 740 5190 in
767 5137 968 5208 superioribus
983 5137 1061 5204 iecit,

239 5218 298 5259 non
315 5203 378 5261 sine
393 5205 547 5264 meliorum
572 5208 714 5278 exemplu.
731 5208 830 5281 Neque
851 5226 922 5267 sane
938 5215 992 5282 est,
1010 5227 1063 5266 cur

239 5274 387 5332 Adrianus
400 5275 534 5336 Valesius
547 5279 705 5350 quamdam
732 5278 849 5354 Virgilii
874 5298 991 5340 versum
1005 5281 1061 5338 im·

240 5351 378 5475 mptppet
395 5348 445 5404 ubi
460 5351 582 5408 verbum
599 5349 721 5408 odorare
736 5353 839 5410 eodem
854 5369 945 5412 sensu
960 5371 1062 5411 occur·

241 5435 288 5476 ri.
338 5435 422 5476 uuir.

277 5491 333 5562 (33)
348 5492 437 5576 Quum
450 5493 477 5547 si
490 5497 520 5548 iii
543 5491 654 5564 pollice
676 5495 780 5550 orent?
802 5493 943 5551 Videntur
956 5495 1064 5551 sociis·

243 5567 344 5618 rantes
358 5579 388 5618 in
404 5562 520 5634 publico
530 5579 624 5633 orara,
641 5564 717 5635 quod
733 5569 777 5621 est
791 5569 893 5624 contra
907 5565 979 5622 illud
995 5566 1065 5623 Mat·

244 5632 323 5698 thui,
339 5649 402 5715 cap.
420 5649 458 5689 vi.
475 5634 510 5692 G.
524 5635 677 5691 Peucinos.

280 5703 335 5774 (311)
349 5707 404 5760 Tit.
420 5704 501 5770 Quod
519 5705 654 5764 Ambros.
670 5721 677 5761 ι
695 5708 735 5760 lie
748 5703 854 5762 osculo.

34 5789 138 6112 i
234 6072 253 6112 .

1200 3907 1320 3972 Eiiugere
1335 3921 1392 3960 non
1406 3915 1454 3965 est,
1469 3907 1559 3967 Bessa
1571 3906 1730 3961 basiatores,

1200 3973 1259 4023 iton
1276 3971 1349 4021 ulcus
1365 3985 1434 4028 sere,
1448 3971 1591 4034 postutare
1605 3969 1737 4024 lucentes,

1202 4036 1261 4084 lion
1277 4034 1353 4084 triste
1365 4040 1498 4096 mentum,
1509 4032 1665 4095 sordidique
1678 4029 1812 4083 lichenes,

1202 4096 1261 4146 Nou
1276 4096 1352 4146 labra
1368 4097 1462 4162 pingui
1476 4096 1596 4146 delibuta
1610 4095 1709 4164 cerato,

1202 4159 1256 4210 lise
1270 4159 1403 4222 congelati
1417 4164 1494 4222 gutta
1506 4157 1627 4222 proderit
1642 4168 1711 4206 nasi.

1111 4273 1227 4332 Omissa
1241 4271 1332 4360 igitur
1346 4290 1436 4332 causa
1449 4268 1668 4346 superstitionis
1688 4267 1773 4354 illius
1786 4267 1859 4348 adeo
1870 4277 1922 4346 ιιι

1112 4363 1197 4416 rosa,
1212 4351 1245 4401 ut
1255 4347 1426 4417 jejunantes
1448 4343 1601 4402 osculandi
1619 4342 1716 4399 officio
1743 4340 1831 4396 delun
1853 4334 1922 4420 isibi

1113 4417 1196 4475 nelos
1210 4433 1275 4473 ease
1290 4419 1450 4487 ducerent;
1465 4413 1667 4498 Tertullipnua
1687 4353 1922 4468 consuetudinem

1111 4490 1268 4572 vituperat,
1285 4489 1340 4544 baa
1360 4492 1521 4562 presertim
1545 4493 1668 4569 ratione,
1694 4484 1783 4610 ipuod¹
1799 4486 1866 4538 tune
1881 4492 1923 4550 po·

1112 4561 1262 4618 tissimum
1277 4575 1334 4632 pax
1357 4561 1534 4618 conterenda
1554 4563 1594 4615 sit
1616 4572 1683 4613 coru
1712 4555 1851 4638 ratribus,
1866 4563 1924 4607 eum

1113 4631 1205 4691 oratio
1224 4631 1485 4689 commendabilior
1508 4627 1651 4688 ascendit.
1676 4625 1803 4682 Omnino
1828 4640 1868 4708 sio
1888 4619 1923 4676 le·

1114 4705 1243 4830 gauldum
1259 4719 1324 4760 esse
1339 4721 1386 4762 ros
1404 4704 1469 4833 ipsa
1491 4703 1612 4768 indicat,
1632 4693 1923 4827 ppppilpotrai‘ipffipt

1114 4792 1232 4905 intipppxp,
1244 4789 1777 4930 qpipptioopppopren’eeaiprpgnferend·
1790 4843 1865 4898 esset
1878 4850 1926 4908 pu

1116 4919 1337 4976 cumfratribus
1358 4918 1460 4975 habita
1480 4923 1628 4983 oratione;
1645 4914 1707 4983 sed,
1731 4929 1769 4970 an
1786 4909 1925 4992 seniorem

1116 4991 1154 5048 da
1168 4995 1246 5047 esset
1273 4990 1309 5046 ab
1337 5005 1371 5046 oo
1386 4991 1436 5074 qui
1461 4986 1568 5062 jejunii
1591 4984 1647 5044 eibi
1677 4982 1813 5068 pri-vatim
1835 4981 1925 5039 indicti

1116 5062 1264 5135 sumptive
1278 5061 1382 5118 diebus
1393 5079 1423 5118 in
1435 5059 1557 5118 ecclesis
1569 5072 1636 5115 cnm
1646 5056 1787 5112 iratribus
1796 5051 1925 5111 timuerat

1116 5135 1151 5192 iit
1165 5139 1235 5190 tuno
1251 5131 1436 5205 potissimum
1452 5131 1658 5190 conferendam
1682 5143 1748 5184 essa
1769 5127 1853 5184 docet
1866 5123 1927 5204 'iar-

1116 5205 1268 5274 tullianus,
1299 5221 1366 5262 oiim
1391 5204 1483 5262 oratio
1508 5199 1770 5260 commendabilior
1795 5193 1926 5254 aseendit

1117 5277 1257 5334 nimirum
1297 5275 1430 5334 vehiculo
1464 5274 1570 5347 jejunii
1604 5270 1757 5330 sublevata
1780 5261 1926 5354 QNtfflfl

1116 5339 1924 5494 tistitbt‘uititt..titileiaillitati

1116 5490 1220 5549 homil.
1236 5489 1270 5547 de
1292 5491 1411 5564 laonio,
1437 5495 1465 5548 et
1486 5491 1550 5563 ipss
1604 5485 1789 5552 ertniiiaous,
1812 5481 1881 5566 libro
1894 5475 1925 5530 di

1116 5564 1246 5634 iejuniis,
1263 5561 1304 5618 ait
1327 5579 1379 5635 per
1396 5561 1545 5636 jejunium
1573 5559 1754 5644 pinguiorem
1775 5560 1922 5634 oratiopem

1118 5639 1176 5692 iieu
1202 5630 1358 5690 immolari.
1389 5637 1492 5706 ltaque
1514 5630 1679 5689 christiano
1706 5629 1782 5686 inter
1802 5623 1923 5697 publicas

1119 5704 1267 5767 orationes
1278 5703 1399 5779 privatis
1407 5703 1532 5780 ieiuniis
1545 5701 1690 5778 operanti,
1705 5699 1783 5773 pacis
1798 5711 1861 5756 com
1871 5691 1921 5749 irt-
