4152 6192
228 351 308 415 lasa
501 351 766 416 rennuentem
788 352 951 416 ornauit
972 351 1074 415 PARS
1095 351 1118 413 l.
1136 383 1174 399 -
1189 351 1326 416 SERlES
1347 352 1387 425 11,
1410 351 1653 415 DOGEA'EIGA.
1856 347 1939 410 ltoo

230 484 344 541 dideds
371 483 526 541 sanctitate
549 485 736 544 describitur.
765 487 822 558 (28)
850 485 1049 544 Sacerdotium
1066 486 1094 554 Α
1109 484 1197 540 venit.
1214 487 1245 542 lo
1262 484 1313 541 illa
1332 486 1437 558 gratia,
1461 486 1490 540 in
1519 485 1576 541 ista
1603 481 1705 540 1288
1728 482 1823 538 virtus
1851 496 1939 538 coro»

231 571 473 637 viduitatis,et⁹¹
492 572 671 629 celebratum
692 579 737 629 est
765 574 866 632 aaut
898 574 974 646 apud
1004 589 1055 629 na·
1111 581 1207 630 natur.
1237 575 1375 640 Quadam
1404 573 1482 630 enim
1506 583 1578 630 suut
1604 573 1710 629 didus
1739 570 1940 635 liberalitatis,

232 661 340 728 tiones,
370 677 422 734 pro
444 660 554 718 diaboli
583 661 696 719 scilicet
722 663 918 720 emulatione.
949 667 1056 736 Regem
1110 664 1242 734 quadam
1259 667 1367 721 nostrae
1385 663 1573 736 operationis.
1590 661 1825 728 QuaaDomino
1840 659 1940 715 indul·

232 749 343 820 saculi,
358 750 530 808 Pontificem
542 751 703 807 maximum
719 753 788 824 (29),
814 768 918 808 rursus
947 753 1057 808 nubere
1111 753 1725 825 gantur,anagratiagubernantur3qus
1753 751 1790 805 ab
1819 748 1941 804 homine

233 840 316 896 nolas
344 843 412 896 est:
437 843 581 912 quantum
615 839 673 896 Deo
693 842 834 896 sanctitas
854 839 960 914 placet,
989 857 1056 897 cum
1112 845 1278 913 captantur,
1312 842 1410 898 studio
1436 843 1651 914 perpetrantur.
1675 839 1765 896 Stude
1787 839 1879 912 igitur
1903 838 1941 892 ad

232 927 782 999 illametiuminimicusall'ectatnon
806 929 1057 999 utiqueutalicu·
1112 930 1249 987 virtutem
1279 929 1465 986 continentis
1486 928 1651 1000 [modestis
1671 928 1714 1000 l⁸],
1743 944 1809 1000 que
1834 927 1941 999 pudori

230 1016 481 1088 jusbonialtinis,
500 1018 551 1074 sed
581 1024 613 1073 ut
635 1017 685 1074 Dei
715 1018 828 1075 Domini
858 1017 965 1092 placita
990 1033 1056 1074 cum
1113 1019 1526 1091 procurat;ssdulitati,qaa
1543 1034 1709 1092 nugasnon
1726 1015 1817 1084 lauit;
1843 1015 1942 1084 truga-

233 1103 413 1163 contumelia
426 1103 583 1163 affectans!
1111 1106 1198 1174 litati,
1215 1123 1279 1179 que
1294 1107 1467 1164 seculum⁹⁹
1484 1107 1608 1179 spernit.
1628 1105 1798 1164 convictum
1812 1107 1821 1142 ¹
1850 1109 1942 1177 etque

270 1373 343 1430 Nam
358 1373 394 1430 de
409 1373 432 1410 ⁸⁸
445 1371 596 1429 viduitatis
609 1372 769 1431 honoribus
797 1375 874 1447 apud
904 1376 1058 1433 [lominum

237 1477 296 1518 uno
319 1461 397 1517 dioto
426 1462 492 1532 ejus
517 1477 569 1532 per
592 1461 767 1534 Prophetam
796 1464 961 1536 expeditum
991 1471 1059 1522 ost:

239 1552 319 1608 turre
331 1551 416 1622 inmte
430 1549 454 1584 ⁹⁸
476 1549 566 1607 oidttae
589 1557 615 1606 ct
635 1551 752 1621 pupillo,
777 1561 805 1609 et
823 1555 916 1610 venile
938 1553 1060 1626 dispute-

235 1655 308 1711 mus,
323 1638 390 1695 dicit
413 1640 554 1711 Dominus.
571 1639 702 1696 Ducista
718 1640 838 1697 nomina
856 1641 887 1698 in
915 1649 1059 1715 quantum
1452 1607 1568 1666 CAPUT
1583 1607 1629 1665 lx·

236 1728 387 1801 despectui
410 1728 432 1764 ⁹⁵
450 1728 592 1800 humano,
617 1729 647 1784 in
672 1732 788 1786 tantum
818 1730 922 1786 divinae
946 1732 1060 1788 miseri·
1151 1731 1309 1804 Loquaces,
1326 1731 1566 1801 otiosa‚rinosa,
1591 1731 1713 1788 curiosa
1738 1727 1940 1788 contuberna-

236 1815 342 1872 cordia
364 1817 508 1889 exposita,
526 1817 656 1889 suscepit
669 1817 745 1873 tusri
776 1821 861 1875 Pater
883 1820 1058 1878 omninmli.
1074 1837 1099 1904 p
1114 1816 1168 1891 les,
1180 1821 1224 1876 vel
1242 1821 1367 1878 maxime
1380 1821 1529 1894 proposito
1550 1821 1702 1878 viduitatis
1726 1819 1869 1876 officiunt.
1889 1819 1943 1876 Per

235 1903 309 1961 Vide
324 1921 412 1978 quam
428 1922 462 1962 ex
478 1923 560 1979 aquo
577 1905 702 1962 babetur
720 1906 770 1980 qui
792 1909 886 1964 vidue
910 1910 1059 1968 beneleee·
1116 1909 1323 1983 loquacitatem
1339 1912 1473 1984 irrepunt
1487 1911 1574 1968 verba
1585 1911 1705 1983 pudoris
1717 1909 1839 1966 inimice
1855 1929 1862 1978 ;
1890 1923 1942 1982 par

237 1991 287 2061 rit,
312 1996 414 2066 quanti
442 1999 487 2052 est
512 1995 600 2051 vidua
628 1996 703 2068 ipsa,
725 1995 811 2067 cujus
839 2003 968 2055 assertor
994 2015 1062 2056 cum
1116 2002 1208 2058 otium
1225 2001 1433 2057 nseveritate¹
1459 2000 1631 2066 deducunt;
1668 2015 1719 2072 per
1747 1998 1938 2054 vinolentiam

239 2082 363 2140 Domino
374 2084 430 2156 (30)
445 2084 728 2156 disputavitillNon
752 2089 867 2142 tantum
897 2085 1061 2160 virginibus
1116 2089 1784 2164 quidvismaliinsinuan23percuriositatem
1814 2084 1937 2142 amula·

1229 1427 1311 1474 Bonos
1325 1431 1482 1486 currumpunt
1495 1437 1581 1474 mores
1594 1437 1744 1484 acumem
1757 1425 1824 1471 mab.

238 2261 381 2319 sanctitas
394 2261 430 2318 de
440 2263 572 2334 proximo
583 2261 684 2318 visura
697 2264 735 2320 sit
750 2263 852 2320 laniem
878 2265 939 2322 Dei.
950 2265 1059 2322 Tamen
1115 2269 1262 2324 minarum
1279 2267 1401 2324 debono
1426 2266 1589 2323 univiratus
1612 2265 1720 2338 loqui⁸
1743 2265 1843 2322 norit:
1869 2263 1941 2319 licus

235 2352 325 2408 vidua
337 2349 423 2408 babet
437 2350 549 2424 aliquid
564 2351 715 2424 operosius
727 2369 734 2409 ε
746 2352 815 2424 quia
829 2353 913 2410 facile
934 2359 979 2411 est
1002 2372 1059 2412 non
1114 2357 1193 2414 enim
1208 2356 1270 2414 itta
1285 2355 1330 2430 (ut
1340 2356 1381 2413 ait
1397 2355 1564 2428 apostolus)
1580 2357 1727 2412 ornarent
1741 2354 1876 2426 (Philipp.
1894 2369 1941 2423 ιιι,

235 2444 372 2513 appetere
387 2441 463 2513 quod
481 2440 606 2507 nescias,
617 2441 782 2499 etarersari
808 2444 887 2515 quod
915 2443 1061 2501 desidera·
1115 2447 1170 2516 ts),
1187 2447 1266 2502 itaet
1290 2461 1355 2517 qus
1385 2444 1477 2501 ventri
1496 2443 1673 2517 propinqua.
1702 2443 1767 2500 Hac
1800 2442 1853 2498 tibi
1876 2442 1942 2513 jam

228 2529 312 2586 'veris
339 2545 504 2602 nunquam.
526 2527 675 2587 Gloriosor
705 2529 897 2602 coutinentia,
931 2534 1060 2606 quejus
1113 2534 1382 2602 binccommendo‚
1406 2549 1546 2590 conserva
1568 2531 1754 2596 charissime,
1774 2533 1842 2604 post
1863 2533 1942 2602 Apo·

236 2617 445 2686 suumsentit;
462 2617 607 2690 qusquid
624 2617 832 2685 viderit,novit.
848 2621 958 2678 Poterit
978 2622 1059 2696 virgo
1114 2622 1221 2680 stolum
1237 2621 1354 2694 quidem
1370 2639 1405 2679 ex
1423 2621 1587 2680 abundanti
1608 2625 1774 2693 retractata,
1808 2621 1858 2676 sed
1888 2616 1944 2673 tibi

235 2704 348 2763 felicior
375 2705 489 2773 baberi,
512 2711 543 2763 at
566 2707 655 2763 vidua
678 2706 871 2766 laboriosior:
893 2709 945 2766 ille
981 2712 1059 2784 quod
1075 2709 1097 2776 G
1115 2713 1204 2770 etiam
1220 2711 1325 2768 solatio
1343 2711 1452 2779 lutura,
1480 2712 1559 2784 quod
1587 2726 1684 2768 meam
1711 2707 1897 2776 memoriam,
1918 2706 1945 2764 si

236 2794 347 2852 bouum
361 2809 479 2868 semper
493 2795 618 2868 babuit3
633 2795 700 2867 ista,
715 2796 793 2869 quod
807 2797 920 2855 bouum
936 2799 993 2857 sibi
1014 2800 1063 2857 in·
1117 2802 1159 2858 ita
1173 2801 1309 2870 evenerit,
1325 2800 1426 2857 inillis
1441 2800 1653 2874 frequentabis.

946 2926 1047 2988 Variae
1069 2927 1229 2990 lectiones.

274 3047 297 3085 ⁸²
324 3045 519 3104 uelibatuum
546 3047 647 3117 Ripall.
686 3048 708 3084 ⁹⁸
735 3047 920 3107 Viduitatum
947 3051 1063 3107 Semler.
1106 3051 1128 3088 '⁸
1155 3051 1252 3108 Facito
1280 3051 1362 3108 Semi.
1392 3050 1415 3088 ⁹⁸
1445 3050 1592 3107 Destitutor
1622 3048 1731 3106 auxilio
1757 3048 1843 3105 bum.
1878 3049 1945 3118 iliu.

239 3118 640 3204 1*ΤιιιιιΡιιιιιοιιιιιίιιιιις
666 3119 729 3176 ride
753 3120 838 3178 Semi,
867 3123 888 3158 ⁰⁷
912 3122 1079 3195 Disputabit
1105 3125 1220 3195 Franco.
1251 3125 1374 3180 Parisin.
1405 3139 1471 3178 cum
1497 3123 1621 3180 Domino
1645 3122 1808 3205 disputabit
1841 3121 1944 3189 ilipula.

239 3191 516 3248 ''Abarimodestia
546 3192 605 3318 llpp.
625 3195 647 3230 ⁹⁹
671 3193 826 3264 Speculum
855 3195 920 3266 llip.
952 3197 960 3231 ¹
990 3197 1143 3252 convictus
1178 3200 1266 3266 atque
1291 3195 1436 3266 colloquia
1459 3195 1522 3269 liip.
1546 3193 1558 3230 ¹
1586 3194 1623 3250 Se
1644 3199 1766 3250 verrtats
1792 3193 1947 3250 deducunt

237 3263 324 3319 Fran.
337 3262 521 3322 securitatem
537 3263 567 3320 in
591 3269 681 3320 neunt
693 3265 758 3321 iun.
775 3266 866 3321 Paris.
883 3267 894 3302 ³
910 3264 1008 3323 Noluit
1022 3268 1083 3340 Rip.
1096 3267 1179 3323 mole.

957 3392 1221 3455 Commentarius.

240 3511 325 3581 dixit,
358 3511 530 3569 Tertulliani
561 3511 687 3569 sentiam
711 3514 888 3570 contrariam
914 3514 1065 3587 Apostolo,
1120 3517 1156 3571 ds
1166 3515 1280 3570 numeri
1297 3511 1660 3582 multitudins:candida‚
1676 3512 1834 3569 decaussa
1850 3510 1947 3583 fulgo-

239 3601 276 3641 ne
290 3583 399 3639 minem
415 3583 466 3656 qui
478 3583 651 3655 Apostolum
665 3584 770 3657 legerit
792 3591 981 3659 negaturum.
1000 3586 1064 3643 ltro.
1122 3603 1160 3642 re.
1177 3609 1192 3638 n
1208 3586 1255 3643 Sic
1270 3586 1332 3657 ipse
1346 3585 1545 3642 Tertullianus
1570 3586 1645 3642 libro
1670 3584 1801 3640 udocrw
1822 3583 1945 3640 lurcio·

277 3642 334 3726 (28)
348 3654 411 3710 Toto
426 3657 479 3710 illa
497 3656 617 3712 Ecclesia
645 3657 768 3713 candida
794 3658 828 3713 de
850 3660 995 3714 summitate
1017 3659 1065 3714 du·
1119 3675 1183 3715 nem
1197 3675 1235 3726 ιν,
1264 3657 1417 3714 Candidum
1439 3659 1548 3724 eulatie,
1577 3673 1629 3730 pro
1650 3656 1744 3728 utorio
1765 3657 1885 3723 salutm
1919 3659 1949 3710 et

239 3727 381 3782 scribitur.
408 3727 629 3782 Emeudundum
659 3731 691 3782 ut
718 3734 764 3783 est
791 3728 820 3783 iu
864 3730 1064 3786 membranis:
1119 3729 1393 3788 lib.vPlrurisaeum
1420 3730 1578 3797 candidum,
1601 3745 1653 3801 pro
1678 3729 1756 3784 laetu
1784 3735 1814 3784 et
1841 3742 1947 3798 super-

276 3795 417 3854 Totailla
436 3797 569 3854 Ecclesia
593 3798 720 3854 candida
747 3801 783 3854 dc
812 3800 970 3857 sanctitate
996 3817 1065 3857 con·
1120 3801 1479 3860 bianarisaeorum.ltro.

241 3867 392 3924 scribitur.
409 3890 423 3920 a
439 3866 597 3926 Candidum
613 3868 747 3927 Ecclesia
776 3888 828 3942 pro
847 3873 991 3945 dignitate
1015 3889 1066 3946 po·
1156 3873 1212 3945 (29)
1235 3875 1396 3944 Pontificem
1430 3873 1598 3930 maximum.
1628 3868 1769 3942 lntelligit
1796 3868 1947 3926 llsmiuem

241 3939 311 4010 suit,
330 3945 362 3996 ut
376 3939 451 3998 libro
464 3943 501 3997 ds
514 3946 636 4010 Corone,
659 3941 812 4000 Candidum
832 3947 978 4018 martyrii,
993 3951 1023 4001 et
1037 3945 1067 4001 in
1122 3944 1304 4017 dialem,qui
1321 3943 1489 4000 nouaclum
1506 3943 1799 4016 pontilexmaxrmus
1828 3942 1946 3998 diceba·

241 4011 407 4084 scorpiaco,
432 4013 587 4070 Candidum
609 4015 759 4072 claritatis.
776 4015 811 4071 Et
825 4018 903 4089 apud
924 4017 1066 4090 augusti·
1122 4022 1180 4085 tur,
1209 4018 1259 4072 sed
1286 4019 1374 4072 etiam
1399 4031 1458 4085 rex,
1486 4016 1555 4087 qula
1578 4015 1687 4070 arbiter
1709 4030 1807 4069 rerum
1834 4013 1947 4068 divina-

242 4086 578 4159 num‚mcerucundidu,
608 4103 659 4159 pro
685 4093 848 4160 martyrum
878 4088 1068 4146 multitudine
1121 4084 1638 4151 rumethumanarum.Tertullien.
1656 4084 1861 4142 inueterauit
1883 4084 1947 4141 Cur·

241 4155 409 4227 splendida,
423 4173 559 4215 sermone
574 4158 636 4228 112,
653 4159 702 4216 ubi
718 4160 754 4215 ds
769 4160 956 4217 credentibus
970 4160 1000 4216 in
1016 4177 1067 4217 no·
1120 4162 1242 4228 titutum,
1258 4160 1392 4232 sepult.
1409 4161 1476 4217 Luc.
1906 4226 1912 4236 ,

242 4225 321 4284 mine
339 4226 387 4283 Dei
403 4245 410 4284 :
427 4251 441 4280 u
457 4229 522 4286 Hac
537 4236 583 4287 est
598 4230 993 4304 primamartyrumoausea,
1021 4231 1067 4288 in·
1157 4233 1214 4304 (30)
1228 4233 1445 4304 cajetanam
1467 4244 1529 4288 cum
1556 4229 1681 4286 Domino.
1708 4230 1854 4308 ,assertor
1884 4241 1950 4306 mn·

242 4299 307 4372 quit
346 4298 408 4354 bac
434 4301 557 4358 candida
586 4311 747 4376 martyrum
770 4320 878 4360 massa.
906 4303 934 4362 Si
962 4320 1068 4362 caussa
1122 4304 1244 4370 dexest,
1262 4303 1313 4376 qui
1337 4302 1375 4360 ali
1400 4317 1467 4359 uem
1495 4299 1623 4357 vindicat
1647 4299 1677 4356 in
1694 4298 1871 4364 libertatem,
1902 4298 1950 4352 bic

241 4345 378 4440 eandida,
394 4375 423 4428 et
437 4388 536 4432 massa
550 4373 686 4431 candida.
700 4377 797 4431 llassa
824 4375 904 4433 enim
923 4374 1000 4434 diota
1023 4379 1069 4433 est
1122 4391 1175 4448 pro
1190 4319 1535 4448 patronoquiirominem
1547 4372 1693 4430 tuendum
1703 4370 1839 4443 suscipit.
1855 4369 1949 4426 aasz.

817 4717 1005 4816 LIBER
1041 4717 1377 4815 SECUNDUS.

245 5061 448 5120 Αιιιιιιιιιιιιιιι.
479 5091 513 5106 -
540 5061 669 5123 Eiusdem
690 5065 749 5138 sere
773 5065 932 5138 urpunrcnti
953 5065 998 5121 tic
1020 5063 1090 5122 liter
1111 5079 1173 5120 rum
1196 5063 1347 5135 superiore,
1370 5062 1428 5120 nin
1449 5059 1530 5133 quod,
1549 5060 1681 5117 bumana
1701 5055 1877 5132 maritumis
1898 5071 1953 5112 me

285 5167 354 5220 mor,
371 5167 490 5210 acorem
503 5153 605 5210 luctor
618 5153 787 5211 adhortatur
800 5162 841 5223 ut,
856 5155 883 5212 si
893 5154 1027 5211 secundae
1055 5153 1166 5226 nuptias
1181 5151 1332 5227 uincendo
1346 5150 1516 5223 capitanei-tt,
1542 5166 1560 5206 u
1580 5147 1760 5204 matrimonio
1777 5161 1840 5202 arm
1863 5145 1952 5217 acati·

284 5239 356 5296 lilius
368 5241 520 5313 abstineat,
536 5245 628 5314 utpute
643 5243 755 5312 illicito,
772 5248 866 5316 utapro
878 5243 979 5310 simili,
994 5242 1060 5314 fidei
1073 5244 1181 5311 nocivo,
1207 5243 1242 5297 cd
1261 5239 1455 5297 infidelitatem
1478 5253 1574 5311 prono,
1600 5237 1744 5310 muneque
1766 5235 1803 5292 ut
1824 5233 1955 5290 Eocknae
2071 5291 2072 5312 χ

280 5333 450 5388 armamento
465 5332 651 5399 matrimonii,
666 5332 738 5405 quod
762 5333 906 5405 mapaifire
929 5329 1105 5388 dermititur.
1121 5331 1234 5386 Primus
1254 5329 1338 5400 igitur
1361 5327 1443 5384 docet
1468 5327 1562 5383 liber:
1587 5324 1599 5382 l
1626 5324 1833 5381 llutrimonium
1854 5337 1873 5378 e
1898 5325 1954 5376 Der

282 5419 454 5488 institutum,
469 5433 557 5473 unum
569 5433 634 5488 etue,
650 5434 673 5475 c.
692 5421 812 5491 1,2.11.
840 5420 1042 5478 abstinentium
1064 5420 1244 5475 mutrinwnio
1267 5416 1422 5482 meliorem,
1438 5431 1460 5472 c.
1484 5415 1511 5471 3.
1534 5414 1584 5471 lll.
1599 5413 1731 5484 Exemplo
1751 5410 1954 5468 continentium

282 5508 442 5576 uiduarum,
457 5522 481 5562 c.
498 5507 524 5563 l.
542 5506 586 5565 lv.
602 5508 740 5565 Secundus
753 5511 868 5582 nuptiae
882 5510 916 5565 ab
941 5510 1041 5566 liberor
1063 5507 1248 5579 suscipiendos
1275 5521 1331 5561 non
1354 5505 1492 5578 expedire,
1516 5521 1540 5560 c.
1556 5505 1584 5561 5.
1610 5503 1641 5559 1.
1667 5501 1833 5573 Eranptuu
1854 5497 1954 5553 murt-

283 5596 374 5653 mom'o
388 5596 588 5653 abstinentiam
601 5611 625 5652 c.
641 5597 669 5653 6.
684 5596 732 5653 vl.
748 5599 864 5671 Nuptiae
885 5598 1017 5655 secandae
1036 5599 1088 5655 lico
1111 5598 1206 5653 minae
1224 5595 1345 5668 placere,
1360 5610 1385 5649 c.
1407 5596 1436 5649 7.
1451 5593 1510 5652 vll.
1525 5593 1574 5648 ltu
1588 5592 1672 5662 finem
1686 5589 1782 5663 adjicit
1808 5587 1951 5644 amatura

284 5686 449 5740 encomium.
465 5684 498 5740 ln
521 5683 671 5756 posteriori
693 5683 765 5742 libro
789 5687 944 5743 statuitur:
959 5688 981 5742 l.
996 5685 1205 5744 llatrimoaium
1229 5700 1290 5742 cum
1315 5683 1413 5755 pontiti
1436 5684 1559 5750 vetitam,
1585 5697 1610 5738 c.
1638 5674 1955 5751 calamantum

285 5776 316 5827 at
330 5777 468 5844 stuprum,
482 5788 506 5829 c.
522 5773 550 5828 3.
566 5773 617 5831 lll.
632 5773 707 5834 Vera
724 5773 872 5848 relipionir
884 5776 986 5847 officiii
1000 5778 1200 5849 importunum,
1216 5791 1241 5834 c.
1257 5775 1283 5832 t.
1299 5773 1343 5832 lv.
1362 5773 1519 5830 Gentilium
1533 5770 1574 5830 ud
1586 5771 1658 5828 ritae
1672 5767 1868 5838 ructationes,
1883 5779 1906 5820 c.
1921 5763 1953 5830 6·
