4068 6186
132 396 187 456 eso
743 393 796 454 nn
817 393 1059 457 anseranum
1081 379 1247 457 aarum
1776 389 1837 456 eno

135 545 180 584 ma
192 528 216 564 ⁸²
231 525 320 584 hodie
333 525 469 584 atrectare
493 526 616 600 aliquid,
632 525 712 598 quod
726 524 796 583 velit
807 527 873 598 post
883 541 960 582 mor·
974 529 1003 596 Α
1019 525 1140 582 nitetem
1157 527 1233 598 ejas,
1249 543 1334 584 nemo
1351 531 1487 593 mortem,
1502 539 1588 583 nemo
1603 525 1712 584 interos
1736 521 1837 600 loque·

133 621 201 682 tem,
228 620 258 672 et
276 619 428 690 tantopore
450 631 625 688 praeparare,
652 615 730 686 quod
759 615 782 650 ⁸³
798 613 837 671 sit
866 631 957 671 usura
1014 615 1448 684 batur2mendicabstsermo,
1475 616 1589 690 opinor,
1614 613 1837 673 imeneoullus

132 711 195 780 post
210 706 336 772 obitum,
362 705 386 764 si
411 704 487 761 nihil
502 707 537 761 de
561 711 676 778 postero
699 703 811 761 sciret?
826 704 880 760 Sed
897 704 955 760 lor·
1010 720 1075 761 esse
1099 709 1222 778 poterat,
1248 707 1434 764 cessantibus
1459 707 1547 763 etiam
1573 710 1655 774 tuno,
1681 705 1744 762 sine
1769 704 1834 780 qui-

130 797 205 852 sitan
222 796 259 852 de
274 811 363 852 sensu
381 799 448 868 post
469 811 621 852 excessum
647 793 690 850 tui
706 794 956 866 certiores,quam
1010 793 1066 850 bus
1095 795 1182 851 etiam
1220 795 1307 852 hodie
1328 795 1391 868 jam
1422 796 1546 864 beatior,
1583 800 1613 854 ct
1649 794 1835 869 locupletior,

132 886 164 942 de
180 884 394 942 resurreetione
414 885 600 957 quandoque,
625 884 711 954 eujus
741 899 794 940 nos
813 898 955 956 presum—
1010 888 1039 939 et
1051 885 1223 956 prudentior
1237 901 1302 942 ease
1321 901 1379 944 noa
1395 889 1501 960 potest,
1527 885 1553 942 si
1576 901 1611 942 ee
1626 901 1691 959 qne
1718 889 1776 941 tam
1793 885 1835 940 ia·

132 979 227 1046 ptores
243 975 430 1030 denotamur.
458 973 564 1046 Atquin
586 971 641 1029 hoo
664 987 781 1045 quoque
804 973 840 1027 ab
856 971 956 1028 anima
1010 971 1087 1041 cilio,
1119 979 1178 1030 tarn
1203 973 1335 1042 assidua,
1358 979 1419 1032 tam
1445 973 1689 1048 proximabodie
1710 977 1788 1043 suat,
1805 973 1835 1030 in

130 1063 325 1136 predicetur..
343 1063 417 1120 Nem
428 1061 453 1119 si
469 1063 505 1118 de
517 1061 682 1135 aliquoi-nm
694 1061 807 1134 pridem
818 1061 955 1117 defuneto
1009 1061 1083 1134 ipsis
1097 1063 1315 1136 quodammodo
1330 1063 1416 1121 labiis
1429 1067 1522 1138 parta,
1548 1069 1626 1123 retro
1641 1079 1699 1121 aea
1716 1063 1836 1120 luerunt

128 1157 269 1226 tanquam
282 1153 305 1188 ⁸⁸
318 1151 383 1209 vivo
398 1151 466 1226 quis
481 1151 620 1225 requirat,
638 1168 697 1224 pre
714 1167 804 1206 mann
828 1149 956 1206 occurrit
1009 1157 1168 1224 antequem
1193 1151 1298 1210 litteris
1321 1151 1351 1209 in
1378 1150 1484 1210 stecalo
1507 1154 1734 1227 germinassent,
1751 1155 1835 1209 ente·

129 1242 225 1299 dicere
241 1257 248 1297 ι
266 1239 345 1298 Abiit
355 1241 418 1313 Jam
434 1241 490 1314 (32)
506 1245 537 1298 et
556 1240 658 1297 reverti
673 1239 769 1296 debet.
1008 1255 1097 1312 quem
1114 1241 1275 1298 llerourius
1295 1241 1422 1316 (opinor)
1448 1247 1535 1300 natus
1560 1242 1675 1300 luisset.
1704 1242 1740 1298 ut
1755 1241 1834 1298 nude

160 1333 230 1388 Gne.
254 1331 289 1387 V.
317 1331 383 1388 linc
408 1329 581 1387 testimonia
608 1329 714 1386 animm
737 1331 847 1398 quanto
875 1343 953 1398 vera,
1008 1329 1165 1403 ordoipsis
1182 1329 1287 1388 litteris
1310 1332 1467 1405 contingit,
1492 1347 1580 1390 nosse
1604 1333 1626 1370 ²¹
1649 1331 1723 1389 011
1750 1335 1779 1387 et
1802 1331 1833 1386 ia

128 1416 952 1493 tantoeimplicia3qnantoaimplicia,tantovulgaria3
1008 1434 1095 1476 asum
1124 1418 1246 1492 loquele
1275 1421 1480 1492 disseminare,
1517 1437 1581 1494 que
1611 1420 1672 1477 nlla
1700 1435 1831 1492 unquam

128 1514 238 1583 quanto
254 1508 396 1582 uulgaria,
423 1513 506 1567 tauto
528 1506 716 1575 eommunia;
732 1511 843 1581 quanto
870 1523 952 1562 com·
1009 1523 1092 1564 mens
1106 1513 1289 1582 conceperat,
1306 1514 1358 1567 aut
1373 1509 1475 1585 lingua
1490 1509 1660 1584 protulerat,
1685 1512 1737 1568 eut
1751 1509 1833 1566 auris
1947 1582 1954 1596 ὑ

126 1599 237 1668 munia,
259 1603 340 1655 tanto
365 1600 535 1666 naturalia3
560 1601 672 1672 quanto
694 1595 849 1668 naturalia,
871 1599 952 1652 tanto
1007 1599 1181 1671 exceperat?
1208 1598 1324 1655 Atenim
1346 1615 1412 1656 cum
1445 1599 1550 1656 divine
1579 1600 1746 1674 Scriptores,
1768 1615 1831 1671 que

124 1689 235 1745 diviua.
253 1687 315 1746 Non
330 1687 354 1724 ‘⁸
380 1689 457 1746 010
474 1692 574 1760 putem
603 1686 742 1760 cuiquam
773 1683 908 1742 friuolam
924 1689 954 1741 et
1007 1703 1095 1760 penes
1112 1703 1165 1744 nes
1178 1687 1222 1745 sel
1236 1687 1355 1746 ludaeos
1370 1693 1450 1758 sunt,
1474 1689 1505 1745 ia
1520 1705 1647 1763 quorum
1661 1689 1684 1726 ³⁸
1705 1686 1832 1746 oleastro

129 1777 266 1850 trigidum
282 1777 374 1834 videri
399 1793 496 1850 posse,
523 1777 548 1834 si
573 1777 715 1850 recogitet
734 1781 844 1832 naturis
860 1775 951 1845 maje-
1006 1775 1087 1832 insiti
1102 1793 1217 1846 sumus,
1239 1777 1332 1835 multo
1357 1776 1547 1844 sacularibus
1571 1778 1678 1836 litteris
1694 1793 1753 1835 noa
1769 1791 1831 1839 mo·

125 1871 244 1936 statem,
260 1883 369 1939 exque
384 1866 696 1924 censetureuotoritas
720 1863 834 1921 enimn.
852 1865 950 1930 ouen·
1006 1865 1072 1922 dica
1086 1869 1201 1922 tuntum
1217 1870 1302 1923 etate
1317 1864 1417 1939 eliqua
1440 1867 1623 1936 antecedant,
1648 1872 1682 1924 ut
1696 1866 1760 1924 loeo
1774 1881 1835 1938 suo,

124 1949 944 2026 tumdederismagistrianotumadjudicabisdiscipulae.
1002 1954 1175 2012 edocuimus
1189 1956 1225 2012 ed
1242 1955 1329 2012 fidem
1346 1971 1448 2012 carum
1471 1956 1731 2014 demonstrandam
1749 1971 1757 2024 ;
1773 1953 1829 2013 etsi

123 2041 263 2118 Magistra
284 2047 399 2110 natura,
425 2041 524 2098 anima
548 2042 702 2114 discipulo.
727 2039 870 2112 Quidquid
897 2045 947 2096 eat
1000 2042 1061 2098 hnc
1075 2041 1192 2116 eloquia
1209 2043 1244 2101 de
1260 2042 1366 2101 littaris
1383 2045 1537 2118 usurpavit
1552 2044 1661 2116 anima,
1677 2044 1777 2116 ntique
1791 2043 1827 2100 de

122 2131 170 2188 illa
184 2130 314 2200 edocuit,
337 2136 390 2188 cut
417 2129 475 2188 ista
491 2130 655 2203 perdidicit,
682 2149 699 2188 ιι
724 2136 778 2187 Deo
802 2129 945 2187 traditum
1000 2131 1109 2189 nostris
1127 2131 1385 2201 credendumcrit,
1400 2150 1459 2192 non
1482 2134 1517 2192 de
1541 2134 1647 2192 vestris
1663 2151 1671 2192 ι
1685 2132 1755 2207 quia
1770 2149 1821 2206 po·

123 2225 173 2292 est,
192 2222 333 2293 magistro
349 2221 460 2279 scilicet
474 2220 569 2294 ipsine
586 2221 742 2295 magistre.
759 2221 832 2288 Quid
846 2221 947 2278 anima
999 2221 1075 2278 tiore
1100 2227 1171 2279 sunt
1187 2223 1222 2280 ad
1246 2223 1450 2280 instruendum
1465 2222 1595 2280 animam
1606 2223 1715 2297 priora,
1731 2237 1821 2297 quum

123 2311 216 2385 possit
231 2313 267 2368 de
282 2310 436 2386 principali
453 2310 848 2385 institutorepresumere,in
864 2315 892 2368 te
903 2313 948 2367 cst
1001 2315 1128 2382 postera,
1142 2327 1206 2384 qua
1221 2318 1249 2368 et
1272 2311 1370 2386 ipsun
1392 2311 1540 2387 prioribus
1563 2311 1669 2370 instrui
1692 2309 1823 2369 sustine·

125 2401 272 2458 estimare
288 2401 323 2458 de
340 2417 374 2458 ea
388 2417 453 2474 que
467 2399 490 2436 ⁸⁸
505 2399 534 2456 ia
556 2405 584 2456 te
599 2405 653 2457 est.
669 2399 749 2457 Senti
773 2399 947 2472 illamque
1001 2399 1159 2474 bantl34);
1175 2417 1254 2472 eum,
1271 2402 1325 2458 etsi
1345 2402 1382 2458 de
1396 2403 1500 2459 vestris
1524 2401 1697 2460 instruotam
1720 2415 1824 2460 conce·

126 2495 156 2547 ut
169 2489 284 2550 sentias
300 2489 408 2547 clllcitl
426 2489 554 2563 recogita
575 2490 605 2546 in
630 2488 780 2563 praesagiis
795 2494 900 2557 vatem,
917 2490 947 2546 in
1002 2488 1118 2560 damus,
1142 2490 1179 2548 ad
1201 2489 1344 2563 originem
1369 2495 1468 2550 tamea
1489 2490 1681 2564 principalem
1705 2488 1824 2547 traditio

125 2581 263 2636 omnibus
276 2593 432 2653 augurem,
448 2578 479 2634 in
492 2578 646 2636 eventibus
661 2579 949 2654 prospicemtdirum
1003 2578 1159 2652 pertineat,
1175 2580 1498 2652 nostrumqueomaino
1511 2580 1560 2648 ait,
1574 2581 1782 2654 quodcumque
1791 2579 1828 2636 de

126 2669 180 2727 sis
200 2676 259 2726 Deo
274 2669 342 2725 data
357 2667 481 2740 bomini,
500 2667 580 2725 novit
594 2667 735 2726 divinare.
751 2669 824 2725 Tum
840 2669 949 2725 mirum
1003 2667 1112 2725 nostris
1124 2668 1289 2742 sumpsisse
1304 2675 1333 2726 et
1349 2669 1502 2727 tradidiise
1514 2669 1636 2741 contigit
1651 2669 1828 2738 vobisQuod

126 2759 150 2815 si
165 2775 235 2816 eum
252 2775 270 2816 a
285 2775 342 2832 quo
361 2758 430 2815 data
451 2761 506 2828 est,
522 2756 611 2817 novit.
635 2757 728 2814 litium
752 2759 950 2816 circumventa
1004 2773 1072 2814 cum
1088 2756 1130 2814 ita
1145 2757 1195 2830 sit,
1210 2774 1269 2816 noa
1289 2759 1416 2816 multum
1431 2759 1530 2828 relect,
1546 2775 1584 2816 en
1599 2775 1616 2816 a
1631 2763 1687 2816 Deo
1702 2759 1829 2816 tormsta

125 2847 159 2904 ab
174 2847 355 2917 adversario,
374 2845 510 2904 meminit
525 2845 571 2902 eui
588 2846 728 2916 cantoris,
752 2853 782 2904 et
797 2847 949 2916 bonitatis,
1005 2847 1044 2903 eit
1058 2845 1166 2904 animos
1180 2847 1370 2918 conscientia,
1387 2865 1424 2906 aa
1441 2847 1547 2905 litteris
1562 2848 1625 2906 Dei.
1638 2848 1714 2915 Quid
1737 2847 1829 2921 igitur

124 2943 151 2994 et
161 2937 272 2996 decreti
287 2937 364 3009 ejus,
379 2941 409 2994 et
423 2935 518 2992 exitus
532 2935 579 2992 sui
594 2940 623 2992 et
636 2936 659 2973 ⁶⁷
670 2935 828 2994 adversarii
843 2935 949 3009 ipsius.
1005 2935 1160 3006 niahomo,
1172 2935 1354 2995 dehumaais
1368 2937 1523 2996 sententiis
1538 2935 1701 2994 litterarum
1709 2939 1828 2994 tuarum

124 3028 167 3083 sie
181 3026 305 3096 mirum,
321 3025 347 3083 si
362 3041 379 3082 a
393 3025 452 3082 Deo
467 3026 546 3093 data,
567 3026 668 3082 ecdem
689 3025 778 3094 canit,
795 3042 858 3099 qum
875 3025 951 3081 Dnns
1005 3025 1099 3082 exisse
1115 3023 1220 3082 bacin
1236 3043 1309 3084 usus
1323 3026 1490 3086 commanis
1504 3026 1698 3085 callositatem
1714 3025 1793 3100 l3bll

122 3115 168 3173 sui
190 3114 275 3173 dedit
298 3115 394 3172 nosse.
419 3113 475 3170 Sed
501 3113 551 3187 qai
573 3114 720 3186 ejdemodi
744 3115 767 3151 ⁸⁸
783 3113 951 3188 eruptiones
1006 3113 1072 3172 Ceae.
1088 3115 1231 3172 u1.Grede
1245 3113 1343 3188 itaque
1357 3117 1429 3184 tuis,
1445 3115 1523 3174 etde
1542 3115 1761 3174 commentariis
1776 3131 1829 3172 ao·

123 3206 231 3262 anime
252 3222 309 3263 nou
333 3203 445 3277 putavit
468 3203 633 3261 doctrinam
654 3219 719 3261 esse
745 3209 857 3261 uetares
880 3209 909 3260 et
929 3205 951 3244 ⁸⁰
1006 3203 1077 3260 stris
1092 3205 1277 3276 tealomagis
1292 3206 1378 3262 erede
1394 3204 1608 3274 divinis,sedde
1621 3204 1829 3278 animeipsiua

122 3293 285 3368 congenitae
310 3299 340 3350 et
368 3291 504 3366 ingenite
538 3291 724 3349 eonscientiae
755 3293 842 3350 tacita
870 3277 987 3350 com-C
1007 3292 1129 3350 arbitrio
1144 3294 1265 3367 perinde
1280 3295 1366 3352 crede
1380 3298 1501 3351 nature.
1518 3294 1598 3367 illigo
1618 3305 1707 3368 quam
1733 3309 1770 3351 ex
1783 3292 1830 3350 hia

125 3383 261 3454 missall,
278 3383 354 3438 dicet
368 3382 467 3455 potius
482 3379 664 3438 diventilatis
678 3380 823 3454 invulgus
838 3381 950 3453 opinio·
1007 3382 1124 3439 fidelius
1145 3383 1168 3419 ³⁸
1189 3399 1319 3440 sororem
1342 3383 1479 3440 observes
1505 3381 1636 3440 veritatis
1660 3383 1727 3457 (36).
1748 3383 1777 3438 Si
1794 3381 1830 3440 de

126 3472 226 3542 aibas,
247 3469 463 3545 publicatarum
487 3470 510 3506 ²¹
529 3469 693 3526 litterarum
718 3487 817 3540 nsum,
838 3471 901 3543 jam
924 3474 953 3528 et
1006 3472 1066 3529 tuis
1090 3471 1196 3530 litteris
1219 3472 1350 3542 dubitas,
1378 3488 1471 3544 aeque
1495 3472 1583 3540 Dens,
1607 3487 1703 3546 aeque
1724 3475 1831 3530 natura

125 3562 207 3633 quasi
230 3558 334 3618 sitium
358 3561 579 3619 corroboratum
604 3559 701 3618 taliter
723 3561 951 3618 sermocinandi.
1007 3559 1150 3616 mentitur
1165 3577 1172 3618 ι
1189 3564 1222 3617 ut
1235 3565 1264 3617 et
1279 3565 1389 3617 nature
1404 3565 1432 3617 et
1447 3560 1505 3617 Deo
1520 3559 1633 3630 credas,
1657 3560 1743 3617 crede
1769 3559 1832 3616 ani·

127 3649 208 3708 [terte
226 3649 308 3722 prior
332 3649 443 3720 enimn,
467 3665 558 3722 quam
587 3649 685 3706 littere
712 3649 788 3724 (33);
817 3656 846 3708 et
875 3650 953 3724 prior
1008 3667 1081 3720 moe3
1098 3652 1138 3708 ita
1154 3651 1212 3720 liet,
1228 3654 1260 3708 ut
1274 3656 1304 3707 et
1319 3650 1371 3708 tibi
1385 3649 1499 3708 credas.
1514 3649 1566 3708 illa
1580 3655 1658 3708 certe
1672 3653 1728 3719 eet,
1741 3666 1831 3723 quem

126 3755 237 3814 sermo,
253 3755 342 3812 quam
358 3737 498 3806 liberent
513 3737 720 3812 priorsensus,
736 3755 825 3813 quam
840 3739 952 3813 stylus3
1008 3739 1083 3795 tanti
1099 3739 1180 3812 iacis,
1196 3743 1340 3812 quantum
1357 3739 1379 3775 ²⁸
1393 3739 1444 3796 illa
1470 3743 1498 3796 te
1526 3739 1596 3795 lauit
1611 3754 1618 3794 :
1635 3740 1719 3810 cajus
1740 3755 1772 3796 es
1789 3746 1831 3795 to·

126 3834 153 3884 et
167 3829 252 3901 prior
274 3827 363 3885 bomo
387 3827 461 3902 ipse,
487 3843 575 3904 quam
597 3827 791 3902 philosophus
815 3833 844 3886 et
859 3834 953 3902 poeta.
1009 3833 1059 3885 tus
1080 3845 1087 3885 :
1108 3845 1172 3901 qun
1201 3826 1254 3885 tibi
1278 3827 1378 3885 omnic
1405 3831 1470 3897 est;
1495 3827 1559 3884 siae
1586 3843 1644 3898 qua
1661 3842 1714 3884 neo
1737 3825 1831 3884 risere

125 3917 279 3992 Numquid
292 3933 361 3990 ergo
372 3917 552 3974 credendum
568 3920 622 3978 est.
639 3922 706 3974 ente
717 3917 911 3976 litteraturam
927 3928 957 3981 et
1010 3921 1093 3990 polee
1108 3933 1160 3974 aec
1176 3917 1249 3974 mori
1262 3933 1270 3987 3
1285 3925 1403 3991 propter
1417 3933 1507 3988 quam
1518 3915 1610 3972 ileum
1623 3915 1749 3988 negligis
1763 3915 1831 3988 (37).

127 4006 359 4081 divulgationem
375 4006 440 4078 ejus
455 4011 553 4064 mutos
568 4008 681 4080 absque
700 4005 871 4079 hujusmodi
887 4025 956 4082 pro·
1010 4007 1083 4065 Cum
1099 4007 1177 4063 enim
1192 4006 1279 4063 times
1296 4006 1358 4064 fieri
1373 4005 1568 4075 Christianus,
1585 4003 1661 4061 018
1682 4020 1747 4062 eam
1762 4019 1831 4061 con·

126 4093 625 4154 nuntiationibusbominesvixisse
636 4095 650 4151 ‘t
660 4095 751 4153 Nemo
762 4101 853 4154 Deum
870 4097 957 4162 etbu·
1010 4097 1076 4154 veni
1091 4111 1099 4154 ι
1115 4111 1169 4153 cur
1184 4095 1274 4152 elium
1290 4095 1398 4166 colens,
1416 4101 1506 4152 Deum
1521 4092 1675 4153 nominet?
1690 4109 1751 4164 our,
1763 4108 1832 4150 eum

839 4275 941 4340 Variae
962 4275 1123 4339 lectiones.
1215 4273 1220 4284 '

159 4419 387 4479 ‘’Animalii.
444 4417 606 4486 ”Queat
662 4417 895 4490 ”normate
965 4417 1151 4494 ⁸⁸Putollip.
1218 4417 1240 4454 ⁸⁸
1264 4417 1316 4476 list
1338 4417 1368 4477 in
1393 4419 1420 4474 ts
1444 4417 1504 4490 ltip.
1560 4417 1633 4475 ‘llll
1654 4417 1837 4479 abestParie·

124 4489 146 4526 ⁸⁸
161 4491 334 4568 lirnptionis
382 4507 486 4551 euenor.
525 4490 548 4528 ⁸⁸
563 4489 683 4547 titubent
698 4491 759 4562 Rip.
797 4491 821 4527 ¹⁰
835 4490 937 4549 'lenite
951 4490 1142 4548 commissam
1160 4489 1295 4548 Wouwer.
1333 4487 1630 4560 ²¹euntieatomtan,
1667 4479 1839 4566 '‘Contigit?

125 4559 389 4693 lpjffiwoewm'
426 4565 449 4602 ἲ)
465 4563 637 4636 inquorum
652 4561 1001 4622 eleaexoleaatrainaitl
1016 4577 1125 4621 sumus
1150 4563 1226 4620 luit.
1242 4562 1343 4634 tiigclt.
1382 4559 1565 4618 “Fidelibus
1589 4563 1648 4634 ltin.
1687 4561 1710 4600 'l
1730 4547 1838 4633 Quanti

850 4741 1113 4806 Commentarios.

124 4884 258 4944 AEneidoe
286 4886 322 4944 de
358 4886 457 4959 cajeta
483 4884 579 4943 AEnee
614 4884 727 4943 nutries
753 4883 836 4960 paria
865 4884 995 4954 tormen
1044 4885 1177 4941 —Prior
1189 4885 1287 4942 anima
1301 4899 1385 4958 quom
1400 4883 1503 4940 littero.
1520 4884 1600 4941 Idem
1624 4891 1833 4959 argumentum

126 4955 218 5014 babet
233 4973 242 5017 ι
1009 4955 1127 5013 confluit
1140 4973 1267 5030 maginus
1282 4955 1427 5014 antonius
1450 4959 1523 5014 teste
1537 4956 1699 5018 Athanasio
1722 4959 1752 5018 ia
1769 4961 1834 5035 ejus

1010 5029 1087 5094 Vite,
1103 5036 1205 5086 contra
1220 5028 1411 5102 philosophos
1426 5027 1581 5100 quosdam.
1597 5029 1664 5087 Lao.

153 5071 666 5202 {¹0fffi'fffigflffi'ffinffl}
675 5073 953 5202 giffrfflffi‘fflpf
1010 5099 1104 5229 ΒΙ(634)
1118 5100 1235 5158 lmtruit
1248 5101 1433 5158 sustinebunt.
1463 5100 1521 5156 ileo
1535 5103 1590 5167 est,
1615 5103 1834 5173 exspectabant.

161 5244 222 5316 (32)
248 5245 323 5302 Abiit
338 5245 410 5373 gom.
435 5243 555 5300 Veteres
577 5247 702 5299 mortuus
724 5246 764 5300 eet
801 5243 955 5313 dicebant,
1046 5215 1103 5316 (35)
1119 5244 1150 5300 ln
1178 5259 1245 5300 usus
1270 5221 1436 5301 mnsummis
1459 5241 1650 5300 callositatem.
1671 5248 1836 5306 Consuetu-

125 5315 213 5383 oixr't,
230 5319 335 5386 attiae
356 5319 392 5373 iit
405 5315 441 5373 cd
453 5313 561 5390 plures.
572 5317 656 5386 Apud
667 5315 882 5373 Festumetiam
894 5316 955 5372 abi-
1011 5315 1110 5372 dinem
1123 5315 1281 5388 sigaiiioat,
1298 5331 1362 5388 que
1378 5314 1462 5386 longo
1478 5329 1534 5370 usa
1548 5312 1638 5371 ueluti
1660 5317 1770 5377 callum
1785 5322 1837 5378 ob·

126 5385 166 5442 tio
183 5403 240 5458 pro
256 5396 348 5444 morte
363 5389 500 5444 sumitur.
518 5385 559 5442 [ιιι
575 5385 625 5442 Pa.
1011 5386 1106 5442 duxit.

160 5458 223 5530 (33)
242 5460 323 5516 Certe
343 5460 423 5533 prior
444 5460 541 5515 enimc
554 5473 638 5530 quem
662 5457 767 5522 littero.
783 5463 875 5514 Locus
891 5457 956 5526 iste,
1047 5457 1104 5529 (36)
1119 5456 1246 5514 Sororem
1259 5457 1382 5515 observes
1396 5457 1529 5513 ueritatis.
1555 5457 1585 5514 ld
1602 5462 1659 5529 est,
1689 5477 1752 5532 qus
1768 5477 1837 5529 pro·

124 5531 373 5602 quandoquidem
392 5529 563 5602 paulopost
585 5529 663 5586 beno
677 5531 783 5587 anime
808 5527 956 5603 loquelam
1012 5528 1080 5656 pias
1094 5529 1130 5584 ad
1145 5529 1298 5586 veritatem
1322 5529 1452 5598 accedet,
1475 5532 1525 5598 τῆς
1547 5526 1678 5600 ἀληθείας
1701 5525 1834 5605 ἀδιλφήν.

124 5601 320 5658 traditionem
336 5605 498 5688 nuncupat,
523 5599 634 5672 optime
658 5607 755 5675 potest
772 5599 904 5674 adoptari
920 5597 956 5656 ad
1036 5599 1117 5656 nPn.

124 5673 324 5730 traditionum
340 5673 501 5732 ecclesiast.
518 5673 733 5738 auctoritatem,
759 5673 866 5746 quippe
893 5687 958 5744 que
1047 5672 1105 5745 (37)
1128 5677 1353 5746 propterquam
1373 5671 1459 5729 Deum
1490 5671 1618 5742 negligis.
1644 5671 1697 5736 Qui
1722 5669 1835 5730 scilicet

125 5741 215 5800 libris
241 5744 382 5804 omnibus
402 5747 432 5803 et
452 5744 533 5817 stylo,
559 5743 589 5801 ld
613 5748 659 5802 est
682 5743 849 5803 litteratura
876 5741 958 5802 omui
1012 5741 1100 5801 times
1116 5743 1390 5808 dericbristiaaas,
1414 5757 1451 5799 nc
1472 5741 1626 5799 uobiscum
1649 5758 1701 5812 pro
1716 5742 1836 5803 numine

126 5815 248 5886 priores
263 5820 342 5874 sunt.
358 5819 432 5874 Pau.
1013 5813 1118 5872 Christi
1131 5813 1272 5887 animaru,
1289 5814 1344 5872 hoc
1358 5816 1403 5871 est
1417 5812 1519 5880 vitem,
1535 5827 1638 5884 ponas.
1653 5815 1717 5871 ltro.
