4068 6186
155 325 214 385 667
762 323 814 384 AD
837 321 1048 382 NATIONES.
1064 351 1104 366 -
1121 319 1193 380 LIB.
1216 321 1255 382 ll.
1802 318 1862 380 ote

153 456 283 514 hominia
299 455 438 530 spiritum
466 455 497 512 ln
523 471 595 513 cane
620 455 664 512 vel
688 456 769 513 mulo
799 458 849 513 aut
870 469 982 529 pavone
995 455 1022 525 A
1037 453 1087 528 tis,
1102 455 1182 526 (nam
1197 453 1406 512 omniaiataln
1418 451 1692 523 nobissolisarnnt,
1707 454 1735 509 st
1746 468 1764 508 e
1776 450 1862 508 nobis

153 545 345 605 rediturum?
373 548 446 602 ltam
469 545 617 618 judicium
647 544 858 603 annuutiamus
886 543 982 602 olleo
1037 546 1108 604 solis
1123 548 1324 618 revincuntur,
1347 547 1456 621 quibus
1477 545 1560 604 illata
1583 543 1687 618 eunt3)
1713 542 1863 618 agnitione

153 655 205 712 pro
216 639 361 711 cujusque
375 637 489 696 meritis
505 643 570 711 post
584 637 737 694 interitum
754 638 981 694 destinatomdd
1037 636 1148 693 scilicet
1163 638 1282 694 diversa
1307 637 1410 710 partis,
1427 638 1505 693 unda
1530 635 1652 693 scientia
1673 635 1818 692 instructa
1832 635 1862 690 et

152 743 205 785 ros
220 726 310 787 Minoi
326 731 355 784 at
366 725 592 783 Rhadamantho
603 725 896 799 ascribitis,jostiore
911 726 983 784 inte·
1037 725 1192 783 consilium
1209 727 1334 800 inspirat
1362 729 1390 782 et
1409 725 1556 797 judicium
1585 725 1739 799 gubernat.
1756 721 1862 780 Vestra

154 817 210 874 rim
233 816 362 874 Aristide
382 819 527 873 recusato.
550 816 589 872 llo
609 814 722 888 judicio
737 814 855 888 iniquos
876 819 983 873 eterno
1037 816 1163 888 danique
1177 815 1323 874 sententio
1333 819 1389 888 est,
1406 831 1442 872 66
1456 831 1576 872 666666
1590 811 1781 887 quisjudioet
1792 809 1860 886 (68),

156 903 230 978 igni,
246 904 313 980 pios
325 909 354 962 at
368 903 480 962 insoles
503 919 617 962 amoeno
635 903 664 960 in
689 903 752 962 loco
777 903 903 962 dicimus
919 922 982 976 per·
1037 905 1095 962 nisi
1111 905 1226 962 duobus
1242 904 1361 962 auditis.
1376 904 1456 969 Quod
1474 905 1502 960 in
1514 903 1598 960 nobis
1614 901 1684 960 solia
1699 899 1859 975 negligitis,

152 995 326 1068 potuitatem
355 997 570 1051 transacturos.
599 994 683 1068 Apud
713 1010 837 1052 vos...
868 1010 983 1069 quoque
1037 999 1151 1052 nature
1164 994 1233 1051 vitio
1248 993 1430 1066 satisfacitis,
1447 997 1479 1050 ut
1494 1010 1557 1067 qua
1571 991 1698 1049 innubis
1713 1006 1771 1048 non
1786 990 1862 1047 relu-
1978 1003 1985 1022 ·

153 1080 447 1156 Pyriphlegethontis
462 1086 491 1140 at
501 1080 661 1156 Elysiinon
677 1081 735 1140 alia
745 1082 872 1139 conditio
887 1083 985 1157 dispo·
1037 1085 1116 1156 tetis,
1141 1084 1171 1140 io
1196 1083 1262 1141 aliie
1279 1126 1286 1140 .
1302 1128 1308 1140 .
1325 1125 1358 1140 ..
1383 1083 1434 1151 tis,
1458 1087 1511 1141 aut
1538 1097 1665 1155 quorum
1693 1083 1808 1138 reatum
1829 1078 1861 1136 in

154 1170 247 1228 nitur.
263 1169 322 1228 Neo
337 1169 458 1244 mythici
474 1187 507 1228 ao
521 1170 627 1244 poetici
643 1170 697 1228 soli
710 1169 781 1228 talia
795 1174 915 1242 canunt,
932 1171 984 1228 sed
1037 1174 1120 1232 vobis
1136 1172 1341 1242 memineritis,
1358 1188 1392 1230 ea
1406 1171 1437 1228 in
1458 1171 1530 1229 alios
1542 1170 1659 1244 jactetis
1676 1213 1681 1225 .
1700 1211 1707 1226 .
1725 1209 1732 1226 .
1750 1212 1757 1227 .
1774 1184 1862 1243 opere

153 1265 182 1318 at
197 1260 368 1334 philosophi
390 1261 448 1334 (66)
472 1261 508 1319 66
524 1261 689 1319 animorum
716 1261 984 1334 reciprocationem
1037 1262 1238 1337 occupatiores
1252 1261 1345 1334 eritis,
1361 1261 1390 1317 in
1407 1265 1560 1318 extraneos
1575 1260 1658 1330 casti,
1673 1258 1704 1316 in
1717 1256 1861 1317 vosmeti-

149 1348 259 1423 judicii
284 1349 492 1407 distributione
515 1351 703 1407 oonllrmant.
728 1350 872 1420 Quoniam
894 1351 984 1425 igitur
1038 1369 1108 1427 psos
1123 1353 1238 1423 incesti,
1253 1351 1427 1410 exsertiores
1443 1350 1525 1421 foris,
1550 1348 1675 1423 subjecti
1690 1348 1778 1406 domi.
1795 1346 1861 1404 Hac

150 1455 256 1512 usque,
270 1437 466 1512 iniquissime
492 1438 636 1509 nationes,
654 1456 711 1496 non
737 1439 908 1514 agnoscitis,
924 1441 984 1498 imo
1037 1446 1082 1499 est
1096 1441 1248 1514 iniqnitas,
1266 1445 1299 1498 ut
1313 1440 1396 1514 gnari
1422 1441 1458 1498 ab
1474 1439 1597 1514 ignaris,
1621 1437 1748 1497 absoluti
1771 1435 1861 1495 arsis

149 1527 983 1602 insuperexseoraminlcastrastinihilintervosdiver·
1034 1532 1213 1603 iudicemur.
1243 1530 1359 1587 Auferte
1398 1526 1539 1602 stipulam
1576 1530 1613 1586 do
1641 1526 1724 1586 oculo
1752 1528 1860 1595 vestro,

150 1616 383 1685 aitashabat,si
405 1633 498 1674 unum
520 1621 548 1675 et
572 1618 814 1689 aidemsumua3
840 1619 983 1690 quianon
1037 1623 1088 1676 aut
1115 1619 1230 1676 trabem
1260 1619 1296 1675 de
1332 1619 1416 1675 oculo
1453 1624 1568 1692 vestro,
1597 1622 1631 1674 ut
1655 1615 1796 1691 stipulam
1824 1613 1861 1671 de

149 1705 261 1764 odietis
276 1706 354 1778 qood
366 1705 437 1763 eatis
450 1723 457 1764 :
470 1706 536 1764 date
550 1707 668 1764 dextras
681 1705 790 1780 potius,
806 1707 984 1781 compingite
1038 1709 1134 1765 aliano
1148 1707 1308 1765 extrahatis
1319 1706 1351 1762 ⁸⁸.
1373 1706 1534 1764 Emendate
1555 1704 1751 1779 vosmetipsos
1766 1701 1860 1776 prius,

147 1794 266 1862 osoula,
284 1795 405 1852 miscela
420 1793 604 1870 complexus,
619 1795 733 1852 cruenti
757 1812 822 1853 cum
840 1797 982 1867 cruentis,
1038 1801 1070 1854 ut
1085 1797 1266 1854 Christianos
1280 1795 1433 1869 puniatis;
1449 1794 1507 1852 nisi
1527 1795 1602 1868 qood
1623 1790 1860 1862 emendaveritis,

147 1885 258 1942 incesti
283 1901 352 1942 666
380 1885 511 1958 incestis,
540 1885 685 1959 conjurati
711 1903 779 1943 666
808 1886 981 1963 conjuratis,
1038 1903 1096 1943 non
1124 1885 1339 1960 punietis,lmo
1360 1883 1443 1942 eritis
1471 1882 1640 1955 Christiani,
1656 1883 1715 1940 imo
1744 1881 1769 1938 ai
1798 1881 1861 1936 lue·
1946 1935 1950 1944 ,

149 1975 299 2032 obstinati
313 1978 342 2032 et
362 1975 428 2032 vani
444 1992 512 2032 cum
535 1975 707 2049 equalibus.
736 1976 845 2034 Pariter
859 1978 981 2036 deorum
1041 1975 1109 2032 ritis
1137 1974 1309 2043 Christiani,
1340 1973 1421 2031 erilis
1439 1972 1597 2030 emendati.
1619 1967 1863 2043 lliaoiteqnodin

149 2063 280 2122 numina
296 2064 373 2123 686
396 2063 537 2133 1666666,
553 2066 662 2138 pariter
684 2066 916 2141 indignationem
932 2084 982 2125 eo·
1037 2064 1122 2121 nobis
1137 2065 1292 2138 accusatis,
1318 2067 1348 2121 et
1363 2079 1423 2120 non
1446 2060 1635 2119 accusabitis.
1655 2057 1864 2134 Recognoscite

146 2169 217 2212 rum
240 2169 446 2227 provocamus.
471 2153 590 2212 Habetis
617 2160 645 2211 at
659 2171 710 2212 vos
739 2157 859 2213 tertium
886 2173 980 2230 genua
1037 2153 1107 2228 quid
1123 2155 1153 2211 in
1168 2154 1251 2211 vobis
1275 2170 1333 2210 non
1354 2151 1510 2223 accusetis,
1535 2155 1564 2208 et
1579 2148 1766 2208 accusabitis.
1785 2147 1866 2204 Patet

148 2241 220 2315 (67),
236 2242 291 2299 elsi
308 2258 366 2298 non
381 2241 417 2299 66
427 2241 512 2299 tertio
523 2241 591 2312 ritu,
604 2247 733 2301 attamen
750 2245 785 2301 da
798 2245 882 2301 tertio
899 2262 980 2302 sexu.
1035 2242 1125 2299 otiam
1140 2242 1210 2298 binc
1227 2241 1319 2310 vobis,
1337 2244 1482 2314 quantum
1504 2239 1617 2312 operire
1640 2237 1823 2310 potuerimus
1839 2234 1867 2308 (6

149 2330 229 2388 lllud
246 2332 345 2404 aptius
374 2331 410 2388 de
437 2331 499 2388 viro
515 2335 544 2388 et
570 2332 688 2403 lemine,
713 2332 785 2390 viris
812 2338 840 2390 et
864 2333 982 2392 leminis
1036 2330 1137 2404 paucis
1152 2329 1217 2387 istis
1230 2328 1393 2399 libellulis),
1410 2329 1517 2387 erroris
1532 2326 1676 2402 inspectio
1690 2322 1865 2404 allueritatis

144 2421 299 2493 y'unctum.
330 2426 389 2478 Aut
416 2420 561 2493 numquid
578 2421 642 2494 ipso
658 2438 709 2478 vos
737 2421 859 2496 collegio
888 2421 981 2480 6666-
1036 2419 1206 2494 recognitio.
1233 2420 1372 2475 Damnate
1396 2418 1562 2485 veritatem,
1587 2416 1638 2473 sed
1659 2415 1822 2487 inspectam
1838 2409 1866 2470 si

149 2509 275 2568 dlmusi
301 2509 379 2566 Solet
408 2509 562 2583 equalitas
597 2510 796 2568 emulationis
825 2512 980 2569 materiam
1035 2509 1168 2583 potestis,
1185 2513 1214 2566 et
1225 2509 1347 2581 probate
1357 2523 1496 2565 errorem.
1509 2506 1564 2564 Sed
1579 2508 1730 2579 repertum
1741 2502 1767 2560 si
1781 2505 1866 2576 puta·

148 2597 558 2670 subministrarasaogulus
569 2597 760 2674 dgulo,laber
771 2599 851 2658 labro
861 2599 979 2658 invidet.
1035 2599 1083 2656 tis.
1100 2597 1210 2663 Quodsi
1233 2596 1435 2671 prescribitur
1457 2594 1540 2652 vobis
1564 2608 1693 2652 errorem
1716 2606 1815 2651 amara
1835 2593 1866 2649 at

149 2687 211 2746 lmu
222 2687 290 2760 jam
305 2686 341 2745 da
366 2687 424 2743 666
449 2687 591 2746 simulata
617 2688 761 2746 contessio
790 2688 897 2763 redigit
911 2705 980 2745 con·
1035 2688 1133 2746 odisse
1146 2688 1315 2760 veritatem,
1332 2703 1384 2744 cur
1399 2686 1478 2760 quod
1495 2685 1602 2742 amatis
1618 2687 1647 2742 et
1671 2680 1788 2756 odistis,
1804 2696 1863 2738 non

149 2776 309 2835 scientiam
323 2777 360 2834 ad
380 2777 532 2835 veritatem
552 2779 581 2834 et
601 2777 640 2835 66
664 2776 860 2836 constantiam
875 2780 980 2836 verita·
1036 2776 1200 2834 noveritis?

869 2911 971 2974 Varie
990 2909 1153 2973 lectiones.

187 3023 211 3060 ⁸⁸
224 3023 335 3081 666666.
353 3022 389 3080 od
402 3023 519 3098 Apolop.
536 3024 571 3080 39
584 3025 693 3082 emend.
710 3023 829 3081 Auferte
843 3024 957 3082 trabem
972 3025 1008 3082 66
1022 3023 1107 3081 66616
1121 3026 1230 3092 vestro,
1243 3027 1276 3081 ut
1291 3022 1432 3097 stipulam
1446 3024 1484 3081 de
1498 3020 1595 3080 alieno
1611 3017 1782 3078 extrahatis.

876 3137 1138 3222 Commentarius.

187 3271 246 3344 (66)
260 3269 314 3328 Sed
326 3279 353 3330 st
369 3271 535 3344 philosophi.
556 3275 621 3329 Non
636 3270 731 3329 solum
756 3276 846 3344 pcata
870 3273 1017 3351 quibusc
1036 3272 1240 3331 babenduma
1264 3271 1347 3343 viris,
1364 3273 1415 3329 666
1441 3271 1489 3329 vix
1517 3288 1535 3328 a
1559 3268 1677 3328 leminis
1700 3263 1861 3326 nobilibus.

148 3341 255 3399 omnia
283 3342 527 3401 comminiscendi
556 3347 687 3416 potestas
719 3345 787 3401 data
813 3351 877 3428 est,
904 3361 980 3402 vana
1037 3345 1100 3402 Bru.

148 3414 204 3471 illa
220 3415 336 3472 somnia
352 3419 381 3472 at
398 3415 483 3472 vacui
506 3416 619 3473 cerebri
642 3415 836 3474 deliramenta
864 3433 980 3474 rnvcxe·
1070 3416 1127 3489 (68)
1143 3416 1307 3473 Necessum
1335 3416 1398 3488 qais
1417 3414 1535 3498 judicat.
1559 3409 1685 3470 loetitiae
1699 3409 1780 3483 leges
1794 3425 1862 3493 pos-

147 3489 242 3554 rnnt3
259 3487 416 3542 sedetiam
442 3485 622 3560 philosophi,
644 3486 724 3560 iique
747 3489 893 3561 meyerum
908 3505 981 3563 gen·
1035 3489 1142 3554 tulaut,
1158 3492 1190 3544 ut
1212 3503 1308 3544 cause
1332 3488 1383 3544 liat
1398 3484 1583 3559 drsceptatlo,
1608 3489 1678 3542 ante
1700 3499 1767 3540 uam
1780 3481 1863 3554 judr-

144 3557 228 3614 tium
257 3561 290 3614 ut
319 3557 412 3628 Plato,
431 3559 480 3630 qui
509 3559 778 3633 metempsychosin
806 3560 900 3618 tuitus
924 3564 978 3618 ast.
1034 3558 1113 3616 oium
1130 3560 1249 3625 teratur,
1264 3558 1343 3615 unda
1362 3575 1379 3614 6
1401 3560 1440 3615 66
1464 3499 1861 3626 6666666616ἕα666611,

147 3629 192 3686 La
214 3627 268 3684 Pa.
1034 3647 1076 3689 sc.
1091 3648 1124 3702 11,
1140 3631 1348 3689 sicttreontem
1393 3629 1544 3703 loquitur:

184 3699 245 3772 (67)
260 3699 373 3758 Habetis
392 3706 419 3757 et
428 3715 477 3756 uos
492 3702 604 3758 tertiam
613 3718 711 3772 genas.
725 3700 980 3759 Alexandertteva·

144 3788 213 3838 ΓΗΒ»
228 3772 561 3855 ¹1⁸Fi⁸¹¹i⁰¹⁴⁸ff¹¹l>¹¹iffi⁰s
577 3773 695 3830 imiimi
716 3789 810 3847 8⁰¹¹¹¹⁸
825 3773 979 3857 hominum
1125 3792 1176 3852 Qui
1190 3791 1285 3844 statutt
1297 3790 1410 3856 aliquid,
1426 3793 1503 3854 parte
1516 3787 1639 3840 inaudita
1651 3787 1746 3840 aliare.

144 3843 303 3901 66666666
317 3858 382 3902 esse
396 3843 524 3915 ducebat,
540 3861 593 3902 666
612 3844 785 3915 videndum,
803 3861 857 3903 666
877 3862 908 3902 m
923 3862 979 3904 666
1130 3855 1246 3920 Equum
1262 3853 1323 3906 licet
1338 3853 1471 3914 statuerit,
1486 3851 1559 3902 6666
1579 3864 1673 3916 equus
1686 3850 1747 3902 tuit.
1766 3849 1801 3900 66
1813 3847 1860 3900 Px.

147 4001 474 4022 m

727 4133 915 4232 LIBER
951 4131 1288 4232 SECUNDUS.

185 4411 213 4466 1.
230 4409 314 4468 Nunc
339 4410 375 4470 66
403 4411 465 4470 daia
492 4411 609 4481 vestris,
638 4413 813 4472 miserande
833 4415 979 4486 nationes,
994 4421 1018 4490 Ι)
1033 4413 1254 4489 prascriptione
1264 4411 1372 4471 discuti
1387 4410 1496 4480 liceret,
1508 4409 1538 4468 in
1550 4407 1684 4484 expedito
1692 4411 1771 4468 esset
1781 4425 1858 4468 nun·

142 4498 291 4573 congredi
303 4500 454 4560 vobiscum
469 4501 601 4560 detonsio
616 4505 717 4560 nostra
737 4502 893 4574 desiderat,
910 4521 978 4578 pro·
1033 4503 1199 4576 tiatio,cum
1210 4517 1314 4562 omnes
1325 4501 1398 4559 687
1411 4500 1485 4559 istos
1501 4501 1571 4558 daos
1585 4499 1621 4556 ab
1632 4497 1802 4557 bominibus
1812 4497 1858 4557 in·

140 4601 259 4643 vocans
272 4586 369 4660 ipsam
385 4589 595 4648 conscientiam
604 4594 731 4650 vestram
746 4592 783 4650 66
797 4593 978 4652 censendum
1033 4593 1165 4666 stitutos,
1176 4609 1234 4650 non
1246 4635 1253 4650 .
1266 4635 1273 4648 .
1288 4634 1295 4648 .
1309 4591 1394 4650 ,bino
1403 4589 1535 4648 excidere
1545 4589 1633 4648 6666
1641 4605 1714 4647 vere
1724 4589 1860 4648 divinita·

142 4691 187 4735 an
202 4691 271 4734 vcra
285 4676 343 4750 dei,
359 4681 391 4735 ut
404 4677 507 4750 sultis,
520 4695 557 4736 66
572 4677 660 4750 falso,
670 4683 703 4736 ut
716 4680 861 4740 aeirenon
876 4681 977 4740 vultis.
1033 4679 1081 4750 tis,
1094 4699 1152 4755 quo
1168 4680 1244 4740 nibil
1267 4681 1369 4754 utique
1390 4680 1550 4752 aliquando
1574 4682 1702 4752 caeptum
1725 4678 1859 4736 divinum

140 4763 217 4822 Haec
234 4762 312 4820 enim
327 4765 449 4823 materia
459 4771 505 4823 eat
519 4765 625 4824 erroris
635 4766 759 4824 humani
774 4769 977 4840 parentilicsm
1032 4769 1123 4828 videri
1136 4771 1201 4843 jure
1229 4769 1332 4844 possit.
1348 4770 1404 4828 Sed
1429 4767 1507 4827 enim
1534 4765 1630 4825 multa
1652 4770 1732 4837 sunt,
1748 4766 1859 4841 quibus

138 4852 228 4924 ey'us,
244 4869 279 4908 66
290 4851 575 4926 ignorantiaerroris
588 4855 645 4928 (66)
661 4896 669 4912 .
687 4897 694 4912 .
769 4897 776 4914 .
794 4873 872 4929 .quo
883 4857 978 4930 magis
1031 4859 1171 4917 teneritas
1198 4858 1385 4918 conscientie
1412 4857 1576 4915 obduratur
1603 4857 1633 4914 in
1664 4854 1859 4915 callositatem

138 4938 190 4998 rei
206 4939 283 4999 aitis.
299 4941 406 5000 Patent
419 4942 506 5012 oculi,
523 4959 575 5001 nac
591 4945 690 5001 vident
703 4961 710 5014 ;
724 4944 913 5017 hiantaures,
925 4963 978 5004 666
1031 4947 1187 5005 voluntarii
1211 4947 1329 5006 erroris.
1357 4945 1470 5020 Ingenii
1500 4945 1589 5004 mano
1609 4944 1718 5004 veritas
1740 4946 1858 5004 obside·

137 5026 274 5086 audiunt
286 5052 294 5098 ;
308 5045 358 5086 cor
382 5033 482 5105 stupet
506 5030 627 5104 saliens,
648 5033 742 5090 nescit
765 5032 883 5092 animus
898 5035 977 5107 quod
1031 5040 1079 5094 tur
1095 5036 1171 5110 (70);
1186 5040 1216 5094 at
1228 5039 1294 5112 ipsc
1304 5038 1340 5094 de
1355 5034 1526 5096 suavirtute
1541 5049 1645 5092 666666
1660 5039 1714 5093 est.
1730 5033 1859 5101 Quidni?

138 5118 292 5191 agnoscit.
314 5117 457 5194 lienique,
482 5120 508 5178 al
532 5124 645 5180 tantam
672 5123 893 5196 perversitatem
918 5140 978 5183 una
1034 5141 1234 5199 quoscumque
1249 5127 1305 5200 (71)
1330 5125 1402 5195 uult,
1425 5123 1549 5198 deipsis
1572 5124 1747 5184 adversariis
1763 5124 1858 5185 socios

872 5252 1135 5317 Commentarius.

182 5359 240 5431 (69)
249 5361 416 5450 Ι1666666666
438 5366 544 5424 erroris
558 5411 567 5432 ,
585 5406 593 5423 .
611 5367 826 5442 applaudes,
841 5367 974 5442 tollatur,
1030 5385 1125 5429 causa
1138 5370 1276 5429 sualicat
1287 5368 1729 5454 deploratenpatrooinabantur.
1742 5371 1857 5430 Veritas

137 5436 198 5490 orat
212 5431 321 5507 alequid
333 5437 435 5496 aamtle.
453 5437 517 5496 iim.
1030 5443 1111 5502 nullo
1127 5445 1187 5502 lare
1201 5443 1372 5502 testimonio
1388 5442 1511 5515 indaget,
1527 5441 1609 5500 nullo
1623 5443 1770 5503 veriorum
1781 5449 1857 5500 stre·-

182 5503 244 5576 (70)
271 5507 378 5592 laycali
405 5525 490 5568 manu
518 5510 620 5567 cereas
647 5508 806 5598 ⁰P⁸t⁶40¹¹⁴f2
833 5513 975 5598 Quoniam
1779 5513 1853 5586 pitu·

136 5585 542 5724 gssffigffiufflnvffitssffi
563 5579 975 5724 giltiiosriiczmqriciirltriiiinilnwig
1067 5657 1104 5730 (76
1135 5659 1321 5735 Quotcunque.
1339 5660 1370 5718 ln
1394 5655 1556 5732 examplari
1578 5654 1694 5728 legitur,
1719 5655 1857 5722 066666-

138 5719 213 5777 6666
236 5721 419 5796 premebant,
446 5723 602 5797 verbisque
630 5728 660 5784 et
673 5721 831 5786 calumniis
850 5728 975 5790 infinitis
1028 5745 1090 5803 qus.
1106 5658 1171 5788 itm.
