4068 6186
138 295 197 360 693
754 239 763 256 ἱ
845 300 897 362 ΑΙ)
920 299 1147 364 abacistis.
1176 313 1189 334 ⁸
1787 303 1848 380 sue

137 430 210 503 priis
223 429 255 486 in
270 445 416 487 carcerem
432 429 672 501 subministrant,
698 431 792 506 sapite
807 431 916 504 aliquid
933 435 962 488 st
978 451 1001 518 Α
1018 432 1127 503 (splen.
1152 449 1191 504 iv,
1221 433 1260 507 3),
1289 433 1339 507 qui
1365 433 1517 492 vobiscum
1546 434 1660 492 introiit
1687 448 1845 493 carcerem.

136 518 961 594 anobiequodianiatadspiritnmquoquesdusanduur.
1016 522 1046 577 ¹Si
1061 524 1140 578 enim
1167 539 1225 580 non
1249 523 1403 581 vobiscum
1427 540 1506 580 nunc
1531 524 1691 592 introisset,
1715 540 1768 581 nes
1791 541 1842 584 sss

137 608 214 665 02⁰
230 611 353 665 Carnem
376 607 455 664 enim
480 608 619 682 saginari,
647 615 676 667 st
699 609 835 682 spiritum
851 610 964 666 esurire
1019 611 1079 666 illic
1096 611 1183 668 hodie
1198 613 1340 670 fuissetis.
1365 617 1398 668 tlt
1420 613 1484 670 ides
1508 613 1575 670 date
1590 629 1719 686 operam,
1736 619 1769 670 ut
1784 613 1845 671 illis

136 715 194 755 non
211 699 341 770 prodest.
357 697 431 765 lmo,
447 697 471 753 si
488 699 563 770 qarod
586 698 737 756 infirmum
763 703 808 756 est
823 705 963 770 curatur;
1018 700 1170 758 vobiscum
1192 706 1357 774 perseveret
1383 717 1390 757 ι
1415 701 1457 758 its
1478 718 1529 759 vos
1550 701 1620 759 inde
1641 703 1784 776 perducat
1807 703 1845 759 ad

135 803 228 860 eque,
241 787 318 860 quod
334 785 483 842 infirmius
498 786 509 820 ²
524 791 579 856 est,
595 787 704 860 negligi
719 805 777 844 non
794 789 889 844 debet.
906 793 964 846 Nes
1021 789 1188 845 Dominum.
1203 791 1314 848 Domus
1330 791 1449 864 quidem
1465 789 1574 846 diaboli
1589 795 1635 848 est
1649 795 1677 846 st
1692 805 1802 862 carcer,
1813 791 1844 849 in

135 879 237 932 tantus
252 891 305 948 ego
321 891 398 942 sum,
423 880 456 930 ut
470 890 521 931 vos
547 875 680 948 alloquar
697 893 705 945 ;
720 881 921 934 verumtamen
936 880 966 934 et
1018 892 1077 948 qua
1091 877 1234 935 familiam
1249 895 1335 935 suam
1351 880 1491 936 continet.
1506 879 1561 935 Sed
1583 895 1633 936 vos
1648 878 1715 936 ideo
1734 880 1765 936 in
1781 896 1844 936 car·

135 964 315 1038 gladiatores
337 963 551 1038 perfetissimos
577 980 633 1021 nnn
650 969 764 1022 tantum
782 965 916 1038 magistri
933 970 962 1022 et
1018 979 1113 1022 serem
1130 967 1314 1039 pervenistis,
1341 969 1416 1025 021
1435 971 1468 1023 ut
1491 967 1575 1024 illum
1600 968 1690 1024 etism
1711 967 1742 1024 in
1758 968 1844 1038 domo

135 1053 284 1126 prepositi
298 1053 357 1120 sui,
373 1053 424 1109 ssd
442 1053 531 1109 etiam
547 1051 644 1110 idiote
660 1059 690 1111 et
702 1053 877 1128 supervacui
892 1054 963 1126 ‘qni
1018 1071 1072 1111 aua
1087 1055 1274 1113 conculcetis.
1298 1055 1366 1114 lam
1381 1057 1459 1114 enim
1476 1055 1546 1114 foris
1559 1055 1709 1130 congressi
1724 1057 1843 1116 concul-

138 1140 454 1215 queadbortantnrde
474 1139 698 1214 longinquant
727 1158 804 1216 sepe
833 1143 869 1199 de
898 1143 963 1218 ipss
1018 1143 1171 1200 caveretis.
1194 1143 1256 1202 lton
1272 1161 1341 1218 ergo
1356 1144 1434 1202 disat
1450 1161 1457 1201 r
1474 1147 1506 1200 ln
1534 1160 1599 1202 meo
1623 1150 1703 1214 sunt,
1726 1147 1846 1203 tentetis

134 1229 242 1304 populo
260 1231 371 1286 dictata
385 1234 526 1303 suggesta
537 1230 710 1301 profuerint.
725 1231 756 1288 ln
770 1231 962 1306 primisergo,
1018 1231 1086 1289 illos
1099 1231 1209 1288 vilibus
1224 1232 1351 1289 scidiis*
1369 1234 1420 1304 (3),
1435 1233 1640 1290 allectionibus
1663 1233 1685 1303 ¹,
1701 1238 1753 1290 aut
1768 1234 1845 1292 inter

134 1317 291 1386 benedicti,
322 1316 413 1374 nolite
445 1317 619 1374 contristere
650 1319 790 1392 Spiritum
825 1323 962 1378 sanctum
1017 1336 1050 1376 ss
1065 1320 1311 1379 dissensionibus.
1326 1321 1430 1394 lugiet
1449 1325 1639 1395 conspectum
1655 1326 1798 1390 vestrum,
1814 1327 1843 1380 et

850 1430 956 1492 larisa
970 1429 1121 1492 lectiones

147 1495 150 1502 ⁴
171 1525 265 1597 ‘Aac
281 1523 410 1582 flander
425 1523 539 1606 Tmrsd.
558 1522 684 1582 firmius.
722 1525 821 1594 ³Attt,
837 1541 1028 1598 supervacue.
1065 1525 1174 1586 ‘Odiis
1194 1529 1289 1599 From,
1318 1527 1424 1587 inediis
1438 1526 1537 1602 ttira,
1563 1543 1614 1601 prs
1641 1526 1750 1588 vilibus
1772 1532 1843 1590 fus.

134 1598 241 1654 meruit
257 1596 382 1654 utilibus
397 1613 405 1666 ;
420 1596 523 1654 scidiis
538 1597 659 1669 reposuit
674 1597 779 1670 liipolt.
816 1597 1056 1656 l[refectionibus
1071 1599 1155 1656 bier.

853 1704 1113 1768 Commentarius.

137 1810 208 1868 dnm
224 1810 287 1869 beo
303 1809 400 1884 ipsius
414 1808 587 1867 Tertulliani
601 1810 691 1867 verba
714 1810 822 1867 innunt
835 1810 963 1938 ¹STsrtnl-
980 1823 1004 1890 g
1021 1810 1156 1869 militiam
1177 1812 1227 1869 Dei
1251 1813 1308 1870 visi
1326 1814 1389 1887 jem
1408 1815 1490 1883 tnnc,
1515 1828 1583 1869 cum
1608 1812 1637 1871 in
1662 1814 1839 1872 sacrementi

133 1883 205 1939 lien.
228 1882 280 1940 lib.
298 1883 337 1939 nd
361 1882 475 1955 flsrtyr.
500 1899 525 1938 c.
541 1883 569 1956 6)
586 1898 593 1938 :
610 1907 623 1934 a
643 1883 681 1938 td
705 1882 758 1939 bos
782 1883 831 1955 qui
855 1899 901 1939 em
918 1885 961 1940 vel
1018 1885 1107 1940 verba
1121 1885 1352 1958 respondimus:
1377 1901 1445 1942 nem
1470 1883 1555 1942 miles
1577 1885 1612 1942 ad
1637 1884 1748 1942 bollum
1770 1902 1839 1945 cum

135 1955 291 2028 praesentia
306 1953 388 2010 vobis
401 1958 535 2037 tempora
555 1953 733 2010 documenta
757 1953 827 2019 sint,
843 1959 961 2026 quauta
1015 1955 1129 2013 deliciis
1144 1956 1234 2028 venit,
1251 1973 1303 2014 nec
1318 1958 1354 2014 de
1368 1957 1503 2015 cubiculo
1517 1958 1553 2014 ad
1563 1956 1655 2014 aciem
1672 1957 1838 2030 pmredit...

134 2025 962 2155 titiliustiliisli‘'tltittltiilleille·
1015 2029 1248 2157 illinistis
1267 2029 1415 2158 “titii
1433 2027 1839 2158 illtmtllilflllttl

135 2115 390 2238 tarnntfnoninrb
405 2140 518 2226 suusa’:
535 2175 589 2226 aut
602 2170 638 2224 ab
653 2168 718 2242 ipso
734 2169 759 2224 si
775 2175 877 2225 anatra
890 2186 958 2226 eum
1009 2115 1084 2243 Jptus
1100 2178 1187 2244 atquc
1202 2141 1292 2228 anisii
1303 2173 1545 2246 expavescentia
1561 2174 1665 2230 umbra
1680 2141 1716 2229 ad
1732 2172 1838 2243 solem,

133 2242 264 2309 fecefint,
280 2245 332 2298 aut
345 2241 382 2298 ab
406 2241 580 2299 adversariis
595 2242 670 2313 ejus,
687 2240 713 2295 si
736 2256 788 2312 pro
813 2256 846 2298 eo
872 2245 957 2298 stete·
1013 2243 1049 2298 de
1064 2241 1125 2299 sols
1140 2242 1176 2300 ad
1192 2243 1336 2301 rislum.»
1363 2245 1417 2312 ild.
1432 2245 1513 2313 ibid,
1540 2259 1604 2316 cap.
1636 2243 1676 2315 3).
1692 2244 1837 2316 Tandem,

135 2316 204 2370 rint.
224 2336 235 2362 ι
252 2312 334 2369 baris
358 2314 382 2368 is
393 2312 467 2369 liber
486 2317 532 2369 est
558 2313 593 2370 ad
617 2315 761 2386 martyres
780 2312 957 2383 adhortatio,
1014 2330 1048 2370 us
1064 2317 1278 2372 tormentorum
1294 2315 1453 2372 acerbitate
1466 2313 1543 2372 vinci
1560 2330 1590 2370 ss
1606 2313 1708 2370 sinaut
1721 2315 1838 2373 confes·

135 2402 196 2458 qua
210 2402 261 2442 eos
281 2383 451 2440 Christiane
463 2384 713 2455 religioniscausa
727 2385 757 2438 in
773 2382 899 2441 vinculis
911 2385 957 2441 de·
1013 2402 1107 2451 sores,
1133 2386 1265 2459 exempla
1280 2385 1409 2443 virorum
1435 2397 1463 2442 et
1485 2385 1645 2443 mulierum
1671 2385 1837 2456 gentilium,

135 2465 232 2514 tentos
246 2456 283 2512 ad
299 2456 496 2513 suostantiam
511 2457 541 2512 in
563 2456 628 2520 tide,
647 2456 828 2511 alacritatem
845 2457 874 2512 in
891 2473 956 2529 per·
1012 2459 1063 2528 qui
1083 2474 1117 2514 ex
1145 2457 1237 2514 solius
1264 2475 1343 2514 vans
1368 2457 1467 2530 gloriae
1496 2457 1604 2514 motivo
1632 2463 1779 2514 tormenta
1807 2463 1837 2515 et

132 2527 391 2586 ferendocarseris
417 2526 565 2599 squallore
588 2532 617 2582 st
641 2527 881 2599 impendentibus
901 2527 958 2584 sibi
1013 2535 1136 2585 mortem
1153 2531 1266 2585 fortiter
1289 2529 1479 2598 sustinerent,
1509 2527 1630 2587 adducit
1656 2529 1724 2601 (td,
1752 2531 1835 2602 tres,

132 2599 636 2674 suppliciisvebementermuretst
667 2597 788 2666 enimet,
818 2615 868 2656 eos
891 2616 957 2658 vcro
1012 2601 1152 2675 captet
1165 2601 1204 2672 5).
1220 2599 1300 2656 Nihil
1317 2616 1387 2658 sane
1412 2601 1467 2657 boc
1490 2601 1570 2657 brevi
1598 2600 1834 2659 sermonsvrhe·

153 2669 324 2729 ctissimnm
340 2671 377 2726 ad
391 2686 492 2744 pacem
506 2670 620 2738 inritat,
632 2686 722 2742 quam
733 2669 782 2742 qui
799 2685 856 2726 nun
873 2670 958 2729 habs
1012 2671 1149 2737 mantiae,
1164 2675 1215 2727 eut
1230 2673 1381 2728 movendis
1396 2671 1505 2728 animis
1531 2671 1640 2745 aptius,
1652 2671 1754 2742 Judice
1769 2688 1835 2745 per·

133 2691 244 2801 babent
257 2747 293 2799 ab
309 2741 447 2799 ltcolesia.
464 2760 481 2798 a
495 2741 674 2814 martyribus
691 2741 875 2814 expetebant.
1011 2744 1096 2800 docto
1111 2743 1173 2799 viro
1187 2743 1313 2814 Dupinio
1337 2743 1480 2810 (arctiori.
1505 2743 1552 2800 des
1572 2747 1694 2800 sateurs.
1710 2747 1785 2810 tom,
1799 2745 1833 2818 l).

168 2819 212 2872 Ab
228 2815 310 2871 initio
327 2814 427 2871 laudat
441 2815 578 2887 pietatem
603 2813 746 2881 fidelium,
772 2813 823 2886 qui
848 2818 955 2898 rnsrty·
1011 2820 1071 2871 llos
1094 2816 1125 2870 in
1146 2824 1319 2888 argumento
1342 2813 1556 2873 Tertullianum
1587 2819 1687 2880 poema
1697 2813 1831 2873 imitatus

132 2888 214 2944 ribus
238 2886 268 2942 in
293 2901 407 2943 cursore
435 2885 604 2943 constitutis
631 2884 771 2941 alimenta
794 2885 957 2956 corporalia
1010 2893 1055 2944 cst
1076 2887 1180 2942 beatus
1204 2887 1368 2970 Cyprianus
1393 2887 1424 2942 in
1440 2903 1493 2943 suo
1522 2885 1555 2942 ds
1581 2885 1780 2944 dehortatione
1804 2889 1830 2944 et

134 2958 368 3026 ministrabant;
395 2955 462 3014 dein
491 2957 570 3030 ipsse
587 2961 729 3030 martyres
758 2956 903 3026 bortatur,
920 2973 956 3013 ns
1010 2957 1092 3014 leude
1114 2959 1246 3029 martyrii
1268 2957 1354 3024 libro,
1382 2961 1411 3014 et
1435 2957 1464 3012 ln
1488 2958 1552 3014 suis
1574 2958 1610 3014 ad
1635 2963 1780 3032 martyres
1803 2963 1834 3016 et

130 3031 269 3103 Spiritum
288 3039 419 3086 sunctum
432 3029 596 3086 contristari
611 3028 720 3096 cellcul,
748 3028 798 3084 sed
823 3044 889 3086 eum
915 3027 957 3084 ita
1009 3030 1192 3085 confessores
1208 3029 1354 3112 llpistslis.
1371 3029 1513 3084 Caeterum
1529 3028 1563 3084 nd
1581 3032 1724 3102 martyras
1738 3029 1767 3085 in
1783 3029 1834 3086 ali·

129 3103 309 3172 custodiant,
325 3105 358 3157 ut
372 3115 472 3172 parem
487 3104 517 3156 et
536 3101 723 3156 concordiam
746 3098 868 3156 invicem
892 3115 954 3156 srr-
1031 3119 1067 3157 uo
1082 3099 1190 3174 oppido
1212 3101 1332 3156 ditionis
1356 3099 1606 3172 carthaginensis,
1621 3103 1674 3156 aut
1695 3098 1784 3157 etiam
1800 3101 1830 3158 in

130 3180 208 3238 rent,
224 3195 239 3224 a
256 3189 345 3244 quam
361 3173 478 3244 quidem
498 3171 528 3228 in
544 3171 673 3228 Tartesia
697 3187 753 3227 non
770 3172 922 3240 babentes,
938 3187 955 3227 a
970 3189 991 3257 G
1009 3119 1184 3244 garthaglne
1198 3172 1264 3253 ipsa
1273 3173 1403 3245 captivos
1411 3171 1620 3298 perscripsisse
1630 3173 1830 3230 huncsermo·

132 3246 310 3318 martyribus
336 3244 366 3299 in
394 3259 509 3300 carcere
538 3259 658 3300 eiurare
683 3246 909 3300 consueverunt.
939 3264 955 3293 n
1011 3261 1076 3300 nem
1088 3243 1400 3315 Septimium,sensent
1421 3260 1469 3300 ers
1483 3242 1698 3300 omnsseruditi
1712 3249 1832 3317 propter

131 3317 165 3374 Et
182 3339 195 3369 s
211 3317 278 3373 ideo
292 3331 356 3372 eam
372 3316 460 3372 etiarn
496 3319 629 3387 rspterea
648 3313 678 3370 in
701 3313 782 3370 vobis
798 3313 904 3370 habere
927 3318 957 3370 st
1011 3316 1071 3372 bec
1086 3315 1165 3371 illius
1181 3315 1268 3372 verba
1284 3332 1291 3370 ε
1309 3338 1323 3366 a
1339 3314 1456 3373 ludisia
1479 3315 1606 3388 denique
1630 3331 1689 3372 non
1705 3331 1829 3388 procon-

132 3389 276 3444 foveraet
300 3386 450 3442 custodire
487 3386 609 3442 abetis:
636 3390 669 3440 ut
693 3384 717 3440 si
740 3384 814 3440 forte
836 3391 865 3440 et
889 3383 955 3442 eliis
1009 3386 1094 3451 aulis,
1121 3385 1171 3442 sed
1196 3387 1245 3442 Dei
1269 3387 1396 3444 sustinet
1429 3385 1561 3460 (Tertull.
1596 3385 1625 3441 iu
1648 3389 1766 3444 tractat.
1791 3387 1831 3446 ad

131 3457 484 3588 restitisti-biii
500 3456 955 3603 .²'.ll,.⁰.⁸t·.l..l.lol⁰.ll¹z
1007 3456 1829 3600 lilicrsisiusirreserabili*1³¹⁰·

132 3602 257 3660 muniou
275 3601 411 3658 llsolesia
434 3601 584 3658 catholica
600 3604 773 3671 presentem
795 3604 953 3656 tractatum
1042 3603 1082 3674 (3)
1096 3603 1128 3658 la
1141 3615 1199 3657 msc
1212 3603 1286 3671 suat,
1309 3601 1418 3659 smnio
1438 3601 1502 3658 illos
1524 3600 1627 3657 vilitas
1649 3600 1730 3658 odiis.
1745 3605 1826 3660 llano

131 3689 279 3732 exarasse.
297 3675 402 3730 Faetus
419 3673 499 3730 enim
520 3670 698 3728 Montanists
717 3670 777 3726 baec
792 3671 892 3728 omitia
907 3670 952 3726 lu·
1006 3689 1072 3732 esse
1094 3671 1302 3729 Vaticanorum
1326 3672 1502 3745 scripturam
1519 3671 1666 3729 Pamelius
1688 3677 1825 3733 testatur.

129 3744 405 3811 dibriobebuit,ut
428 3747 554 3816 patetsx
577 3742 653 3799 libro
676 3741 951 3800 dsl'udicitis.ca.
1006 3744 1062 3801 Sed
1088 3749 1251 3816 martyrum
1275 3743 1352 3801 inter
1374 3744 1455 3817 ipsos
1479 3743 1546 3800 odia
1567 3746 1596 3800 ct
1632 3743 1729 3801 uidem
1759 3745 1827 3802 vilia

128 3819 175 3874 22.
197 3823 228 3875 et
242 3815 294 3874 lib.
323 3814 488 3888 deiciam,
516 3829 581 3886 sap.
614 3814 655 3871 12.
682 3813 718 3871 llt
743 3829 819 3895 vers·
838 3759 952 3872 Tertui-
1006 3814 1605 3873 fuissenernsChristianussonseossrit.
1645 3832 1705 3881 um,
1723 3815 1827 3874 aisdia

129 3887 228 3946 lienus
244 3887 425 3961 martyribus
448 3888 484 3944 ad
510 3885 698 3956 perferendos
713 3900 837 3941 carceris
852 3885 951 3957 squal-
1006 3887 1098 3944 fuisse
1121 3888 1197 3943 inter
1221 3890 1366 3960 martyras
1389 3885 1589 3945 Tertullianus
1612 3887 1744 3958 tradidit,
1760 3903 1827 3960 pro·

127 3960 207 4018 lsres
230 3959 348 4016 animos
370 3959 470 4028 addet,
493 3956 631 4030 proponit
656 3955 714 4013 illis
740 3956 839 4040 ipsum
855 3957 951 4030 magis
1005 3959 1080 4014 festo
1096 3957 1209 4016 futilem
1222 3963 1252 4016 et
1266 3958 1398 4016 frivulam
1414 3959 1600 4015 attentionem
1616 3973 1650 4015 as
1664 3957 1825 4015 dissensio-

127 4033 276 4090 mundnm
290 4045 438 4088 censerem
452 4045 528 4098 esse,
551 4027 672 4085 stillico
696 4026 841 4084 utilitates
855 4043 889 4083 ex
902 4044 950 4084 ao·
1006 4045 1078 4087 num
1093 4029 1345 4102 exprobrationem
1362 4029 1477 4100 adjecit.
1494 4033 1568 4086 Nsrn
1589 4045 1653 4102 quas
1678 4027 1746 4086 odia
1760 4028 1827 4086 eins

130 4119 196 4160 rum
213 4103 244 4160 in
259 4101 427 4160 carceribus
447 4100 613 4159 detentione
637 4098 816 4173 profluentes
829 4112 950 4157 snume-
1005 4100 1208 4159 allectionibus
1240 4117 1274 4157 ec
1307 4100 1513 4159 dissensione?
1546 4099 1606 4157 imo
1633 4099 1829 4174 frigidissima

126 4174 242 4244 rst,lts
264 4174 437 4232 disserens:
456 4195 470 4226 a
487 4169 714 4245 Segregatiestis
736 4171 949 4245 abipsomun·
1006 4173 1093 4229 fuerit
1111 4176 1225 4229 satane
1255 4173 1363 4230 techna
1379 4189 1417 4230 :s
1443 4172 1583 4245 llartyres
1618 4170 1669 4243 qui
1697 4175 1769 4228 sunt
1798 4171 1829 4230 in

125 4247 174 4320 dc,
192 4251 304 4320 quanto
319 4245 415 4319 magis
440 4244 579 4302 saeculo
602 4243 747 4316 rebusque
761 4242 849 4301 e'us?
860 4283 948 4300 .....
1004 4259 1135 4301 carceres
1148 4242 1295 4328 compulsi
1310 4245 1339 4301 in
1356 4259 1421 4301 meo
1436 4250 1516 4328 sunt,
1528 4243 1658 4327 'tentabo
1672 4242 1764 4328 igitur
1777 4258 1828 4328 sos

127 4317 192 4376 Non
218 4318 302 4375 sides
329 4317 441 4375 alienos
467 4317 549 4380 deos,
580 4331 637 4372 non
653 4259 832 4398 imaginibus
847 4329 948 4372 eorum
1003 4314 1109 4372 vilibus
1124 4315 1339 4383 emissorem
1355 4333 1413 4372 usn
1424 4315 1553 4385 quondm
1568 4313 1739 4385 buJusmodr
1752 4315 1829 4372 odus

126 4390 267 4457 incurris,
283 4407 340 4447 non
357 4388 504 4446 solemnes
518 4387 673 4446 nationum
693 4386 756 4443 dies
778 4387 844 4460 ipsa
872 4403 949 4442 som·
1002 4387 1123 4444 tentet?
1138 4387 1225 4444 etiam
1242 4403 1300 4444 nou
1316 4387 1346 4444 in
1362 4387 1439 4445 suoi
1452 4387 1541 4444 etism
1557 4392 1638 4442 extra
1653 4386 1829 4443 carcerem?

124 4461 267 4520 mistione
283 4461 452 4544 participas,
476 4476 533 4516 non
548 4458 702 4514 nidoribus
716 4459 831 4529 spurcis
846 4458 948 4542 verbe·
1006 4461 1106 4532 ltaque
1120 4475 1176 4516 non
1193 4457 1276 4544 videri
1291 4476 1349 4530 que
1372 4460 1483 4544 ratione
1497 4457 1620 4540 ¹defendi
1646 4463 1735 4530 quest
1749 4456 1826 4540 listi·

123 4528 1827 4677 filialitllltlliiltttttftllsfiliii?1>tililtlttllllllzillidit.tltltlltllt

124 4692 184 4733 non
200 4675 232 4734 ln
248 4677 312 4734 loca
325 4676 483 4734 libidinum
500 4674 684 4748 publicarum
694 4671 770 4730 oculi
785 4673 828 4730 tui
845 4673 950 4747 impin·
1005 4673 1229 4741 defectionibus,
1251 4678 1304 4730 sut
1326 4673 1404 4732 inter
1426 4689 1456 4730 se
1480 4671 1723 4730 dissensionibus.
1741 4694 1757 4724 a
1770 4672 1827 4730 Sed

122 4752 201 4876 ff
217 4764 225 4806 r
240 4763 328 4805 rasas
342 4745 529 4815 assandalis,
548 4743 804 4813 etantetionibus,
820 4761 838 4800 a
853 4760 951 4803 recor·
1005 4763 1059 4805 nec
1073 4762 1180 4804 sensus
1194 4745 1263 4802 inde
1277 4745 1345 4803 boni
1360 4744 1508 4817 colligitur
1521 4744 1695 4816 quidquam.
1711 4745 1827 4802 lltenim

176 4819 296 4878 ionibus
311 4818 409 4889 malis,
421 4820 485 4890 jem
499 4823 559 4876 ets
578 4815 790 4890 persecutione.
805 4817 864 4873 llos
879 4833 950 4889 pras·
1005 4819 1074 4891 quis
1089 4833 1180 4876 sanus
1194 4834 1232 4874 un
1256 4833 1323 4875 uam
1339 4818 1453 4884 dixerit,
1469 4816 1537 4872 siles
1561 4815 1694 4874 inedias!
1707 4821 1758 4874 aut
1772 4833 1827 4874 sur

122 4895 185 4948 stat
200 4907 300 4948 carcer
312 4890 489 4962 christiano,
505 4889 583 4964 quod
598 4903 717 4947 eremus
737 4887 891 4962 prophetis
894 4927 950 4946 .....
1005 4890 1121 4948 inedias
1143 4888 1192 4946 his
1215 4835 1291 4946 utine
1311 4888 1540 4963 suspicabimur,
1565 4888 1641 4946 inter
1660 4889 1758 4946 cernis
1773 4887 1828 4947 ali·

123 4962 297 5022 asfemmus
320 4962 445 5022 camede
461 4977 579 5031 nomeu,
607 4974 758 5018 secessum
787 4975 948 5017 voremus:
1007 4967 1107 5020 ments
1130 4977 1194 5034 qus
1219 4961 1266 5017 his
1290 4959 1364 5034 ipsis
1389 4959 1568 5033 martyribus
1591 4960 1710 5017 domina
1735 4963 1831 5018 meter

121 5035 178 5093 etsi
195 5051 305 5109 corpus
319 5035 492 5105 includitur,
507 5033 563 5092 etsi
578 5048 645 5090 caro
669 5032 828 5099 detinetur,
852 5030 952 5088 omnia
1005 5032 1184 5091 Toulesisde
1207 5032 1349 5089 uberibus
1368 5033 1432 5089 suis
1456 5032 1486 5088 ln
1511 5046 1657 5088 carcerem
1682 5031 1831 5089 submini-

121 5107 245 5180 spiritnl
265 5112 376 5181 petent.
400 5107 514 5180 Vagare
539 5103 658 5179 spiritu,
683 5104 811 5176 spatiare
833 5103 950 5173 spiritu,
1006 5103 1140 5162 strabitt
1155 5105 1197 5160 sio
1211 5104 1290 5161 enim
1305 5103 1501 5160 disertissime
1513 5103 1640 5160 traditur
1654 5102 1743 5160 istius
1758 5102 1830 5161 scri·

121 5183 151 5234 et
165 5193 226 5234 nnn
243 5175 653 5252 stadiaopasa,sntporticus
668 5175 772 5248 longus
786 5189 952 5247 proponens
1005 5175 1096 5234 tlsois
1113 5175 1257 5248 principis
1274 5192 1281 5232 r
1298 5193 1356 5250 qus
1372 5176 1443 5233 sutis
1468 5175 1556 5232 stium
1583 5174 1725 5232 refellitur
1738 5177 1830 5234 inter·

123 5249 191 5314 tibi,
208 5250 259 5306 ssd
275 5250 355 5307 illam
368 5249 456 5319 maru,
472 5265 537 5321 que
553 5249 588 5304 ad
601 5252 691 5304 Deum
706 5246 951 5312 ducif.Qustiene
1006 5248 1131 5321 pretatis
1155 5245 1297 5314 tlheueni,
1327 5246 1515 5315 vocabulum,
1555 5247 1765 5320 defectionibus,
1793 5247 1830 5304 ad

120 5337 186 5378 sam
206 5337 220 5376 s
243 5321 312 5379 tritu
328 5319 573 5387 deambulaveris,
595 5321 703 5376 totiens
717 5319 747 5375 in
763 5333 878 5375 carcere
893 5335 951 5376 nou
1006 5337 1105 5377 rerum
1139 5321 1291 5389 penuriam
1322 5319 1535 5377 transferentis.
1568 5317 1661 5383 Quare
1690 5336 1745 5378 nes
1773 5318 1829 5375 ille

119 5394 192 5450 eris.
234 5392 286 5450 ihil
314 5408 383 5450 crus
399 5393 491 5450 sentit
517 5393 546 5448 in
564 5405 662 5461 nervo,
679 5407 745 5448 cum
773 5391 892 5447 animus
921 5391 951 5445 in
1006 5397 1074 5448 ente
1109 5389 1270 5448 Pamelium
1297 5392 1441 5449 editiones
1469 5388 1671 5447 difficultatem
1701 5389 1826 5449 solvunt.

117 5462 194 5521 caelo
210 5468 256 5520 est
268 5465 336 5534 (ld.,
351 5465 432 5535 trid,
448 5480 512 5535 cap.
527 5462 567 5534 2).
584 5483 599 5512 u
626 5461 729 5519 Postea
753 5466 898 5536 martyres
913 5462 950 5519 ad
1006 5463 1137 5535 Digitum
1153 5463 1188 5518 ed
1206 5461 1264 5520 veri
1280 5461 1389 5520 fontem
1405 5461 1533 5520 intendit
1546 5461 1681 5534 quisquis
1700 5460 1829 5519 codicem

116 5535 297 5610 patientiam
312 5541 342 5593 et
357 5535 553 5594 constantiam
568 5532 801 5591 adhucexsitare
816 5537 951 5602 curratur,
1006 5535 1211 5593 Divionensem
1231 5535 1368 5591 exaravit.
1387 5535 1445 5591 lllic
1469 5533 1548 5590 enim
1568 5531 1675 5604 legitor
1691 5549 1698 5588 r
1716 5553 1730 5582 «
1755 5529 1830 5584 Ten·

118 5607 216 5681 petita
230 5609 342 5666 ratione
356 5609 394 5666 ab
410 5607 589 5681 obligatione
599 5605 629 5660 in
641 5605 787 5676 baptismo
802 5609 952 5663 contracta
1007 5607 1075 5664 tsbs
1091 5603 1157 5662 illos
1175 5605 1372 5663 vilibuscidiis
1395 5602 1617 5672 defectionibus,
1641 5607 1693 5660 aut
1714 5601 1831 5658 interes

117 5677 274 5736 militandi
288 5695 340 5753 pro
355 5678 472 5738 servitio
484 5675 534 5736 Del
551 5692 559 5734 ε
576 5697 591 5729 «
606 5673 649 5732 stt
664 5691 753 5742 nunc,
768 5675 951 5749 inquitcar·
1007 5675 1255 5736 dissensionibus.
1281 5699 1296 5728 a
1319 5677 1532 5762 Disiungamus
1555 5689 1619 5744 qne
1634 5687 1721 5745 preve
1735 5669 1830 5728 cobs-

117 5767 168 5810 ear
182 5749 274 5818 stiam
297 5747 472 5810 christianis
496 5745 661 5808 molestus:
678 5745 771 5805 vocati
795 5763 900 5804 sumus
915 5748 952 5807 ad
1007 5753 1082 5821 rent,
1097 5751 1126 5807 et
1140 5747 1302 5824 genuinam
1316 5753 1451 5807 Auctoris
1463 5744 1641 5817 scripturam
1665 5740 1829 5801 babemus:
