4096 6180
129 250 185 320 tlt
806 257 857 322 ult
879 255 1157 326 metentium.
1772 263 1832 328 'lid

130 389 282 462 ingemens
306 387 507 448 Christianum
523 389 561 448 ab
575 390 664 448 idolis
679 391 709 448 in
724 391 884 450 Declesiam
899 392 953 462 (17)
968 395 993 462 Α
1010 390 1157 464 ejusmodi
1182 407 1280 464 opera,
1308 408 1373 466 que
1399 408 1456 450 non
1483 391 1610 466 efigiem
1633 394 1754 462 eonlert,
1778 398 1829 456 sed

130 478 236 545 venire,
249 478 286 535 de
299 479 461 536 adversarii
475 480 594 536 cilicina
610 481 639 536 in
656 482 775 538 domum
791 481 843 536 Dei
862 483 885 516 ²⁸
901 498 949 538 ve·
1005 480 1223 538 auctoritatem.
1244 481 1273 536 Si
1289 481 1329 537 ite
1342 481 1503 538 necessitas
1518 481 1708 540 exhibitionis
1728 491 1827 542 exlen-

130 567 272 639 niro(18)‚
287 568 422 627 attollere
436 569 473 625 ni
486 571 577 626 Deum
593 575 705 644 putrem
722 587 827 626 manus
841 575 950 627 matres
1004 570 1087 625 ditur
1100 569 1131 634 ³⁸,
1150 569 1258 626 hahent
1272 574 1301 624 et
1315 568 1388 626 alise
1403 570 1528 642 species,
1545 587 1611 644 qum
1626 572 1690 629 sine
1708 574 1826 630 exorbi-

128 654 284 726 idolorum,
301 656 348 713 bis
364 657 503 716 manibus
518 659 641 716 adorare
655 659 712 731 (tu)
735 675 799 732 que
813 658 883 715 ioris
897 658 947 714 ad·
1003 657 1115 714 tatione
1129 658 1304 732 discipline,
1322 659 1350 714 id
1366 663 1421 726 est,
1447 661 1512 717 sine
1528 660 1598 717 idoli
1613 665 1782 720 contectura
1804 665 1828 702 ⁸⁸

126 759 227 804 versus
242 745 334 802 Deum
350 745 512 804 adorantur
525 747 594 820 (20),
607 763 657 804 ess
672 763 779 803 manus
793 748 948 804 admovere
1003 763 1086 818 opem
1104 747 1199 803 victus
1215 751 1364 819 prestent.
1380 747 1442 806 Scit
1456 748 1587 806 alberius
1600 753 1692 808 tentor
1703 756 1735 808 et
1749 756 1827 810 tecta

89 833 98 883 l
127 834 239 907 corpori
252 834 365 892 Domini
381 835 449 908 (21),
464 851 530 909 qum
544 835 695 893 demoniis
711 852 833 908 corpora
847 837 947 892 conie-
1001 836 1153 903 sarcire‚et
1168 835 1289 892 tectoria
1307 837 1487 904 inducere,et
1497 836 1654 896 cisternam
1669 838 1742 898 liare
1756 842 1825 914 (24),

127 927 204 978 runt.
222 921 280 982 lieo
293 923 350 981 hoo
364 924 482 982 suflicit.
499 926 605 982 Porum
622 925 671 990 sit,
687 925 711 981 si
727 926 762 982 ab
777 924 842 982 aliis
854 924 947 980 mani·
1001 928 1030 980 et
1044 925 1171 994 cymatia
1185 924 1354 981 distendere
1364 925 1565 996 (eoqetmutta
1579 925 1638 984 alin
1652 933 1826 986 ornaments

126 1013 182 1069 hus
205 1012 353 1085 accipiant
376 1015 453 1088 quod
479 1013 682 1072 contaminent
712 1015 754 1083 ³⁵;
777 1014 826 1072 sed
857 1014 945 1070 etiam
1001 1012 1826 1090 prestersimulaoraparietibusincrustsrslbilsitetpie·

124 1102 179 1175 ipsi
195 1102 218 1138 ⁸⁶
233 1103 354 1159 tradunt
373 1101 440 1160 aliis
461 1105 539 1178 quod
564 1104 844 1161 contaminuverunt.
873 1101 946 1160 Alle-
1000 1105 1046 1156 tor
1060 1106 1089 1158 st
1104 1102 1325 1170 marmorarius,
1341 1106 1369 1160 et
1385 1103 1518 1170 serarius,
1533 1107 1563 1160 et
1577 1104 1758 1178 quinamque
1772 1121 1824 1164 oes-

123 1195 233 1266 gunlur
246 1191 276 1248 in
292 1191 424 1249 ordinem
440 1193 672 1250 ecclesiasticum
698 1193 826 1250 urtiilces
851 1191 944 1248 idolo·
999 1189 1086 1258 letor,
1103 1190 1273 1248 latitudines
1285 1207 1355 1248 suos
1367 1191 1469 1263 utique
1485 1192 1577 1249 multo
1591 1191 1824 1252 feniliorea.llam

124 1297 200 1337 rum.
227 1280 281 1338 Pro
310 1281 423 1339 scelual
450 1281 547 1338 Semel
572 1282 664 1338 Jndei
689 1281 805 1338 Christo
840 1296 945 1336 munus
999 1279 1824 1352 quisignumdescribit‚quantoiaciliusahenumlinit?

122 1370 297 1442 intulerunt,
310 1371 359 1426 isti
375 1370 508 1443 quotidie
524 1387 631 1443 corpus
652 1371 717 1442 eius
741 1367 944 1426 lacessunt.0
999 1367 1054 1432 Qui
1069 1368 1104 1425 de
1119 1366 1183 1423 tilia
1208 1369 1328 1425 Martem
1354 1367 1510 1441 exsculpit,
1536 1373 1645 1442 quanto
1671 1370 1759 1427 citius
1774 1387 1822 1428 ar·

123 1475 229 1516 manus
245 1460 452 1532 precidenda!
468 1459 601 1518 Viderint
610 1461 675 1533 jam
691 1477 729 1516 an
745 1457 943 1532 persimilitu·
998 1455 1127 1512 marium
1142 1455 1328 1530 compingit?
1342 1455 1428 1513 Nulla
1452 1473 1500 1513 ars
1515 1473 1574 1514 non
1596 1457 1722 1516 alserius
1736 1459 1821 1530 artis,

122 1549 221 1604 dinem
243 1548 354 1604 dictum
382 1547 445 1605 ait:
462 1548 493 1604 Si
521 1557 546 1606 te
568 1565 669 1606 monus
690 1553 739 1606 luc
761 1547 943 1617 scandalione,
997 1548 1169 1614 animator,
1186 1550 1236 1602 aut
1262 1545 1428 1618 propinqua
1449 1549 1502 1602 sel.
1530 1545 1609 1602 Nihil
1637 1546 1822 1604 alteriusva-

120 1644 233 1709 ompcto
254 1653 318 1695 euru
341 1638 444 1709 (uerte.
468 1655 528 1705 vrri,
564 1639 603 1706 8).
626 1641 696 1705 Qum
721 1637 816 1709 magis
838 1653 943 1708 ampu-
998 1634 1127 1704 callidi).
1149 1634 1203 1688 Tot
1225 1639 1295 1690 sunt
1320 1635 1427 1690 artium
1451 1649 1541 1700 vene,
1566 1641 1639 1708 quot
1667 1636 1822 1692 hominum

120 1726 227 1798 mede,
244 1741 333 1798 quam
349 1725 377 1782 in
393 1727 502 1801 quibus
517 1729 539 1768 ⁸³
555 1727 671 1784 Domini
687 1743 793 1800 corpus
819 1725 942 1782 scanda-
997 1723 1251 1795 concupiscentie.
1268 1723 1323 1780 Sed
1338 1724 1375 1778 de
1395 1722 1581 1780 mercedibus
1595 1730 1625 1780 ot
1645 1741 1822 1798 manuspre-

122 1812 254 1871 lizatnr‘i
998 1809 1047 1866 tiis
1062 1809 1194 1868 interest.
1210 1810 1335 1868 Proinde
1350 1811 1472 1868 interest
1491 1816 1520 1868 et
1542 1813 1579 1869 de
1598 1812 1708 1870 labore.
1729 1813 1823 1872 Minor

998 1899 1613 2061 territuria.utantur.
1627 1901 1705 2048 tt
1730 1903 1824 2050 rer

153 2081 230 2137 Sunt
252 2083 282 2137 st
295 2079 359 2136 alie
374 2080 572 2153 complurium
594 2079 702 2137 artium
732 2079 856 2153 species,
881 2095 945 2152 qus
1000 2077 1207 2135 aedillcanturi
1222 2079 1333 2136 Domus
1348 2095 1426 2146 vero,
1441 2085 1471 2136 st
1485 2080 1620 2153 praetoris
1630 2085 1659 2138 el
1675 2080 1781 2140 balnea
1793 2085 1824 2139 et

122 2168 175 2226 etsi
193 2186 251 2226 non
266 2170 440 2241 continuant
451 2169 597 2227 idolerum
613 2169 946 2239 fabricationem,tameu
1001 2165 1105 2222 insule
1121 2166 1377 2238 quanlaittocous
1391 2177 1419 2225 et
1435 2168 1508 2226 hano
1522 2170 1655 2241 quotidie
1678 2171 1824 2228 decoren-

123 2273 156 2313 ea
171 2257 238 2314 sine
251 2257 362 2330 quibus
378 2257 456 2314 idola
480 2257 521 2314 nil
536 2261 672 2331 possunt.
698 2257 800 2314 eodem
824 2257 949 2313 crimine
1001 2259 1060 2323 tur,
1077 2255 1223 2312 Menenius
1239 2261 1266 2313 et
1281 2257 1400 2329 Serapis
1415 2274 1472 2314 non
1489 2257 1630 2328 quotidie.
1645 2259 1827 2316 Sollicietad

126 2347 205 2404 070
219 2347 380 2420 expediunt
394 2347 529 2420 (22).lleo
543 2347 623 2404 enim
636 2347 746 2418 differt,
762 2362 799 2402 an
815 2350 949 2402 exstruas
1002 2348 1146 2414 questum
1176 2345 1380 2414 artificiorum,
1415 2347 1490 2402 (til
1530 2347 1712 2419 frequentior
1736 2352 1781 2406 cst
1805 2348 1828 2385 ‘¹

124 2434 165 2490 vel
181 2451 318 2505 exornes,
334 2435 360 2492 si
376 2435 530 2508 templum,
547 2437 573 2492 si
585 2435 707 2504 aramei
721 2434 873 2490 aediculam
885 2435 950 2506 elus
1004 2432 1084 2490 omni
1105 2432 1314 2505 superstitione
1332 2432 1450 2490 luxuria
1468 2441 1498 2490 et
1510 2435 1645 2492 ambitio.
1672 2436 1783 2492 huces
1797 2438 1827 2492 et

127 2523 296 2592 intrusoris,
319 2525 346 2580 si
371 2524 519 2580 bracteam
543 2523 722 2596 expresseris
747 2523 813 2596 (23),
830 2527 882 2579 aut
905 2523 949 2579 in·
1006 2520 1131 2594 scyphos
1145 2520 1260 2578 lucilius
1274 2521 1408 2592 ambitio,
1425 2539 1514 2594 quam
1530 2523 1701 2596 superstitio
1716 2524 1830 2582 deside·

129 2612 237 2685 signia,
253 2617 304 2668 aut
322 2612 411 2669 etiam
425 2613 548 2670 domum
573 2611 773 2669 fabricaveris.
799 2612 893 2684 Major
907 2615 954 2668 eet
1006 2611 1092 2666 rabit.
1108 2611 1237 2668 Coronas
1251 2625 1370 2684 quoque
1379 2611 1474 2684 magis
1488 2611 1705 2685 luxuria‚qusm
1717 2613 1827 2671 solem·

833 2745 936 2807 Variae
951 2744 1113 2807 lectiones.

107 2855 112 2860 '
155 2860 413 2918 “Desdversoria
427 2860 545 2918 ciliniae
560 2859 590 2916 in
605 2861 726 2916 domum
742 2859 804 2928 Dei,
821 2859 905 2916 Semi.
943 2859 966 2896 ⁸⁸
980 2858 1187 2916 Contaminent
1201 2861 1330 2918 lleuwer.
1344 2861 1378 2916 ll.
1393 2859 1421 2917 S.
1460 2861 1563 2933 ”lpse
1575 2863 1658 2918 Fron.
1696 2860 1825 2928 ”Ouum

122 2933 309 3005 quibusluo.
348 2931 765 2990 ³⁸0htsndituchuw.ld.S.
784 2931 1268 3002 ltiq.Leopold.;attenditurlun.
1317 2931 1696 2992 ”GonssoturaPuriaJum
1735 2935 1759 2970 ‘⁰
1783 2933 1825 2990 ln·

121 3005 251 3078 crispare
265 3005 356 3060 Poris.
372 3005 437 3062 luo.
449 3007 511 3076 Rip.
528 3005 612 3060 libera.
650 3005 672 3040 ‘¹
689 3003 845 3061 Sufficiant
858 3033 893 3044 -
909 3002 1123 3074 frequentiores
1137 3003 1254 3076 Proceq.

841 3131 1104 3194 Commentarius.

154 3247 215 3320 (17)
229 3247 267 3302 At
282 3245 407 3303 idolicis
422 3246 590 3303 Ecclesium.
609 3244 753 3302 Prolixius
766 3245 821 3300 viri
837 3243 944 3302 eruditi
959 3249 980 3318 c
1001 3245 1035 3301 ad
1052 3244 1121 3316 quia
1136 3244 1256 3302 Phidias
1271 3249 1382 3302 tantus.
1399 3246 1463 3302 ltro.

120 3316 270 3374 Pamelias
297 3317 779 3389 etheoerdanominacongerunt
807 3333 872 3390 que
891 3317 942 3372 Dei
1036 3317 1092 3388 (21)
1116 3317 1212 3372 barrus
1239 3318 1384 3374 admovere
1411 3333 1457 3373 eor
1476 3319 1520 3374 ori
1546 3319 1668 3374 Domini.
1698 3317 1827 3376 Pertinet

120 3389 224 3446 domui
239 3390 411 3448 tribuuntur
423 3389 502 3461 apud
514 3394 639 3448 veteres:
649 3397 715 3462 post
726 3387 854 3460 ipso'rum
869 3405 943 3444 mos·
998 3385 1046 3442 hic
1062 3389 1144 3444 locus
1160 3393 1196 3444 ad
1211 3404 1276 3444 eam
1302 3395 1444 3446 consuetu
1469 3391 1558 3457 insin,
1588 3406 1646 3462 que
1670 3390 1700 3446 in
1720 3407 1827 3448 manus

120 3478 181 3518 sem
200 3460 315 3517 nullum
332 3465 423 3520 restat
436 3459 633 3538 spicilegium.
649 3462 703 3528 Qui
719 3461 831 3533 primus
848 3459 941 3516 Docle-
997 3459 1170 3514 tradebatur
1185 3457 1383 3525 Eucharistio.
1408 3477 1475 3517 uam
1492 3461 1591 3518 testati
1607 3465 1677 3520 suut
1693 3479 1745 3534 pro
1761 3463 1826 3523 suis

119 3533 195 3589 siam
212 3550 264 3589 seu
279 3541 455 3590 conventum
467 3532 699 3589 Christianorum
715 3547 872 3605 eggressus
887 3538 942 3598 est,
1021 3547 1116 3602 noque
1130 3531 1314 3604 temporibus
1344 3477 1412 3589 DQ
1435 3549 1479 3604 pr.
1504 3531 1566 3598 (lib.
1592 3531 1624 3588 de
1640 3534 1750 3607 lapsis)
1767 3549 1774 3588 :
1791 3534 1823 3590 B.

121 3605 174 3660 luit
189 3605 424 3687 Dustathiusillo
438 3605 486 3674 qui
511 3604 740 3671 contemnendas
756 3620 821 3660 esse
837 3603 942 3686 ‘uerte
997 3548 1113 3686 asrael.
1136 3603 1182 3686 (ud
1206 3603 1270 3660 rat.
1292 3550 1447 3676 Aulioeh5;
1469 3603 1498 3658 D.
1525 3604 1645 3676 Dionys.
1670 3606 1752 3663 Alea.
1779 3605 1825 3676 tad

120 3676 178 3732 sias
194 3677 322 3732 dicebat.
340 3677 369 3732 ln
388 3677 466 3732 hune
486 3682 660 3748 congregata
675 3675 862 3756 'Gangrenam
888 3675 940 3744 Sy·
996 3673 1063 3728 linet.
1081 3675 1217 3746 Pontes.);
1232 3679 1263 3729 Β.
1286 3678 1421 3730 Ambros.
1442 3675 1533 3802 &Oret
1557 3676 1595 3732 ud
1613 3676 1740 3733 theodos.
1768 3679 1822 3733 im·

120 3750 229 3816 nodus,
250 3763 378 3820 eumque
404 3748 526 3807 l'ulmine
550 3753 696 3820 percussit
719 3763 783 3804 osu.
807 3748 836 3802 5.
860 3745 942 3802 Hunc
993 3747 1086 3816 per.);
1104 3745 1271 3818 Hieronym.
1288 3747 1335 3816 (nd
1351 3748 1440 3818 Theop
1462 3747 1675 3817 it.)‚eto.1tno.

118 3820 213 3876 secuti
229 3827 299 3876 suut
314 3819 447 3876 Patereni
458 3818 488 3874 in
504 3836 578 3892 ques
593 3823 706 3877 restant
717 3817 836 3874 lionorii
852 3816 941 3874 Tertii
1044 3817 1088 3890 22)
1104 3815 1269 3888 Enpadiunt.
1286 3818 1462 3884 Conllciunt,
1478 3819 1630 3874 adornant.
1646 3819 1710 3876 Rno.

118 3891 149 3946 P.
165 3891 286 3948 constit.
299 3897 328 3948 et
344 3889 486 3950 l'rederiei
505 3892 539 3958 ΙΙ,
565 3892 667 3960 imper.
691 3889 800 3946 lmitnti
824 3905 942 3960 quoque
1043 3887 1089 3961 23)
1104 3888 1134 3943 St
1148 3891 1286 3944 trocleam
1306 3891 1486 3961 expresseris.
1513 3889 1541 3946 Si
1558 3891 1594 3946 de
1606 3906 1697 3948 aurea
1720 3906 1820 3948 masse

118 3969 189 4018 sunt
206 3961 337 4034 pessima
352 3961 411 4020 heo
424 3963 557 4034 exempla
575 3961 744 4031 valdenses,
761 3960 940 4022 Wicleilste.
996 3958 1144 4016 bracteam
1159 3960 1337 4032 expresseris
1351 3965 1454 4018 statues
1470 3960 1666 4018 inducendam
1681 3977 1773 4018 arse.

119 4035 248 4091 Hussite
264 4038 293 4089 et
307 4031 357 4090 alii
372 4033 422 4106 qui
446 4049 512 4090 cum
538 4032 690 4090 Duslatbio
714 4031 789 4088 satis
807 4032 941 4088 damnati
997 4031 1060 4086 ltro.

118 4109 231 4162 trustra
246 4104 391 4176 objiciunt
416 4103 487 4162 illud
511 4106 572 4162 Act.
595 4121 652 4162 nvn
667 4119 676 4162 t
692 4105 763 4160 liecr
789 4105 819 4159 in
841 4119 941 4160 muuu·
1031 4101 1087 4172 (2ll
1104 4101 1257 4158 cisternam
1274 4101 1352 4157 licre.
1369 4101 1480 4158 Alborii
1501 4101 1617 4158 tectoria
1639 4101 1728 4158 etiam
1751 4102 1818 4174 opi-

117 4180 199 4248 !ootic
221 4177 329 4248 templis
349 4193 405 4233 nou
432 4175 550 4232 metue.
576 4174 711 4249 Legenda
733 4180 848 4232 lantum
873 4179 943 4232 sunt
996 4172 1096 4228 ficium
1112 4188 1176 4230 csse
1191 4173 1303 4229 indicat
1320 4171 1391 4229 Plin.
1409 4173 1460 4228 lib.
1488 4189 1582 4240 xxxvi,
1607 4189 1633 4230 c.
1657 4174 1701 4228 25.
1729 4172 1818 4244 Atqui

115 4254 378 4378 ttttttttttt·
394 4245 943 4379 titttttfttttttttttttttttt
996 4259 1054 4370 iii
1071 4243 1372 4373 tttttttttttt.
1385 4243 1546 4372 ittttt
1564 4260 1689 4372 taeta
1712 4241 1817 4374 tttt:

116 4391 227 4450 colitur
241 4359 380 4464 indigens,
392 4389 491 4464 ulique
507 4361 575 4448 cu'm
591 4391 654 4465 ipse
669 4392 717 4447 det
732 4389 941 4458 omnihue,etc.
997 4403 1075 4455 nom,
1092 4385 1117 4444 si
1138 4387 1221 4455 torte,
1237 4387 1279 4444 uti
1296 4386 1394 4443 multe
1409 4387 1483 4459 elie,
1498 4405 1551 4446 vox
1573 4387 1613 4444 sit
1637 4385 1817 4444 Tertulliano

117 4465 156 4522 La
173 4469 228 4521 Pa.
996 4457 1152 4532 peculiaris
1163 4459 1226 4530 jam
1241 4458 1381 4516 obsoleta.
1399 4459 1472 4515 Pru.

151 4535 212 4608 (18)
229 4535 265 4592 De
283 4532 438 4596 aduersarii
462 4533 576 4603 officiens
591 4533 621 4590 ira
644 4532 754 4588 menum
777 4532 826 4588 Dei
838 4532 941 4588 uenire.
1033 4530 1086 4601 (25)
1105 4529 1254 4602 Cymothio
1266 4530 1434 4588 distendere.
1451 4529 1573 4586 Videtur
1588 4527 1715 4601 cymatia
1737 4544 1816 4586 nun·

119 4607 183 4662 tlon
200 4623 260 4664 non
277 4606 413 4664 videntur
427 4620 492 4662 esse
506 4603 688 4660 Tertulliani.
706 4603 755 4660 sed
769 4602 942 4674 ploesatoris
959 4611 981 4675 [)
996 4616 1103 4672 cupere
1117 4617 1204 4658 arcus
1219 4604 1299 4675 ipsos
1313 4602 1490 4673 templorum
1507 4616 1558 4658 seu
1574 4604 1726 4680 tectorum.
1737 4603 1816 4658 creta

117 4678 250 4750 alicujus
265 4679 293 4732 in
309 4675 382 4737 illud
399 4676 584 4747 commquod
595 4674 732 4748 precedit
748 4691 755 4732 :
772 4697 786 4726 ιι
803 4677 845 4730 Ab
855 4673 942 4731 idolis
996 4671 1186 4740 incrustatoe,
1201 4690 1270 4730 uoce
1282 4673 1410 4731 derivata
1424 4691 1442 4730 a
1456 4670 1584 4756 κυμάτια,
1608 4670 1694 4753 idest
1716 4669 1815 4729 illuvie

118 4749 281 4808 Ecclesiam
297 4748 405 4808 venire.
420 4769 434 4798 υ
452 4745 515 4804 liro.
996 4761 1151 4816 aquarum,
1169 4745 1245 4816 quod
1260 4743 1303 4799 illi
1318 4761 1406 4802 arcus
1421 4744 1587 4817 plumarum
1611 4741 1740 4800 illuviem
1757 4741 1814 4802 im·

151 4821 210 4892 (to)
245 4823 296 4878 llis
328 4818 458 4877 monibus
501 4817 629 4874 (celerare.
662 4817 830 4874 Adorabunt
862 4816 940 4872 enim
996 4815 1101 4888 pertint.
1119 4819 1193 4871 Pru.

117 4891 258 4950 manibus
285 4892 322 4950 ad
358 4893 447 4950 Mum
475 4888 572 4959 elatis,
607 4887 749 4957 allevatis,
792 4887 938 4962 expansis.
1030 4885 1302 4958 -Cymotinllsse
1325 4885 1386 4942 hec
1415 4902 1517 4942 omnes
1546 4881 1695 4968 ὑπεροχὰς,
1725 4885 1814 4942 idest

116 4963 181 5020 ltro.
996 4957 1208 5029 prominenties
1223 4957 1251 5011 in
1269 4957 1409 5021 adificiis,
1425 4962 1488 5014 tum
1513 4956 1674 5030 Hesychius
1699 4955 1815 5025 delinit,

148 5034 211 5107 (20)
224 5033 290 5102 Quae
303 5033 371 5118 (eru
385 5032 522 5088 aduersus
537 5031 623 5090 Deum
643 5031 808 5088 odorantur.
834 5029 941 5086 lintres
996 5031 1101 5084 tamid
1121 5030 1203 5085 tacite
1219 5028 1336 5102 colliget
1351 5030 1402 5101 qui
1419 5029 1581 5086 Vitruvium
1598 5027 1625 5084 le
1645 5027 1815 5100 eritltaqus

114 5115 142 5161 et
157 5105 288 5163 artifices
302 5104 449 5160 idolorum
466 5119 571 5159 manus
587 5101 831 5160 adorabantureb
844 5101 940 5158 ethui—
995 5100 1104 5172 injuste
1120 5102 1267 5157 Pamelius
1282 5106 1376 5156 arctat
1391 5102 1466 5157 hano
1483 5116 1581 5157 vocem
1604 5044 1644 5156 ag
1656 5116 1743 5158 arcus
1758 5109 1818 5156 tec·

113 5177 155 5235 eis
181 5176 331 5234 idolorum
352 5173 527 5234 cultoribus.
552 5174 627 5240 Quid
652 5174 730 5231 enim
756 5176 818 5229 erat
842 5178 941 5228 status
996 5175 1091 5227 torum
1108 5181 1134 5226 et
1149 5170 1338 5242 templorum.
1354 5175 1428 5226 flunt
1442 5171 1520 5228 enim
1537 5172 1739 5244 prominentie
1754 5187 1818 5244 que

112 5249 175 5306 sive
190 5247 305 5305 idolum
322 5245 496 5318 priusquam
512 5247 663 5304 accederet
687 5262 794 5302 manus
808 5243 940 5316 artificis,
994 5242 1024 5298 in
1041 5243 1160 5300 modum
1178 5244 1262 5300 unde
1277 5243 1542 5300 sinuantur.8uida
1558 5239 1650 5304 λύσεις
1665 5243 1819 5302 dicuntur.

112 5322 169 5378 nisi
188 5321 279 5376 hrota
294 5318 519 5389 necunquam
536 5317 622 5390 periti
638 5315 761 5374 nrtiiiois
777 5331 939 5374 manasen·
994 5313 1127 5370 Vitruvio
1141 5317 1252 5372 simma
1269 5315 1371 5370 torma.
1390 5316 1456 5372 Lao.

112 5391 243 5466 sculpsit
268 5391 297 5448 in
322 5389 451 5462 alicujus
475 5389 604 5446 nummis
629 5387 782 5470 effigiem?
803 5387 941 5444 Praeclare
1028 5387 1083 5458 (26)
1099 5387 1303 5444 Nihilulteriuo
1317 5389 1404 5443 occat.
1421 5385 1587 5442 Horatius:

112 5463 281 5547 Septimius
297 5461 349 5518 lih.
365 5461 399 5518 de
417 5464 565 5519 flexura:
584 5483 595 5510 ι
611 5459 722 5514 Phidias
747 5475 867 5526 munus,
895 5459 940 5515 in·

112 5543 187 5607 qurt,
202 5536 305 5594 lovem
316 5532 486 5606 Olympium
501 5548 535 5590 ea
546 5530 632 5588 ebore
649 5529 754 5588 molitae
769 5531 940 5600 odorantur;
1494 5544 1608 5596 questu.
1624 5543 1663 5595 ,10

113 5609 240 5679 neojam
257 5605 367 5672 bestie,
383 5603 546 5678 etquidem
567 5600 772 5662 insulsissime
794 5607 870 5662 Deus
885 5605 939 5672 eat,
1058 5607 1146 5662 altere
1160 5609 1246 5674 poscit
1260 5621 1338 5675 opem
1352 5621 1395 5660 rea
1409 5610 1434 5658 et
1448 5607 1570 5672 conjurat
1586 5608 1682 5658 amira.
1728 5601 1786 5654 ltro.

112 5681 163 5738 ned
173 5693 331 5738 sommum
345 5677 445 5736 senui
455 5691 563 5738 numen
577 5694 585 5747 ς
598 5693 653 5736 noa
666 5675 740 5750 quia
752 5671 938 5750 elephantus,

260 5804 391 5870 Parnon.
415 5801 438 5868 l.
1636 5795 1677 5862 tl
