4068 6186
174 365 230 428 det
433 367 698 432 iuuentutem
720 370 885 438 OPERUM
907 372 1005 436 Plus
1027 374 1107 438 1.-
1125 373 1261 436 subitis
1283 373 1306 452 l,
1329 322 1613 438 apotolicum.
1814 372 1872 433 dee

174 496 392 556 maledicendos
407 497 529 572 spirituo
551 501 681 574 denotat,
694 503 839 564 demonia
863 523 995 580 pronun·
1012 507 1038 574 ,t
1053 506 1231 564 communie.
1246 506 1322 564 liene
1338 505 1447 580 ubique
1461 507 1528 582 (41),
1545 511 1574 564 et
1588 505 1705 564 benitas
1728 503 1780 562 Dei
1807 503 1874 562 ubi-

172 584 227 643 tiet
240 586 255 643 l
269 586 327 644 Gur
340 586 376 646 ad
392 588 498 647 emtum
517 595 701 650 contentatur
713 593 780 668 (38),
796 599 826 652 ct
840 596 875 653 ed
890 599 999 653 terrem
1055 611 1131 669 que:
1148 594 1327 654 demonium
1343 597 1465 670 ubique,
1493 600 1522 653 et
1548 594 1713 653 maledictio
1741 592 1878 652 demonii

172 675 333 735 detestatur
346 678 361 734 l
374 679 434 736 Gur
446 677 517 738 alibi
536 680 637 754 nervii,
649 681 719 740 alibi
735 683 879 742 vindicem
896 701 999 742 convo·
1054 685 1175 759 ubique,
1186 685 1294 758 judicii
1310 684 1400 742 divini
1423 686 1568 744 invocatio
1582 685 1702 758 abique.
1718 700 1798 743 more
1812 682 1879 740 nbi·

173 764 219 822 nit
234 765 314 841 (39)‘i
329 766 388 825 Gur
402 769 438 826 de
453 767 575 828 mortuis
586 771 723 843 judicet?
738 773 796 831 Cur
810 775 898 832 verbo
913 773 1001 831 bebet
1053 793 1121 849 que,
1136 778 1166 832 et
1179 774 1359 833 conscientie
1374 774 1477 832 mortie
1500 773 1608 848 ubique
1623 780 1653 832 et
1674 773 1879 832 testimoninm

174 853 501 932 christianorumquoe
510 861 576 917 nell
584 861 699 920 auditne
707 862 933 937 vieoequevnlt‘i
943 865 1001 922 Cur
1055 865 1176 938 ubique.
1193 863 1296 923 Omnie
1312 864 1479 922 animaene
1491 864 1558 937 jure
1573 862 1813 939 proclamatque
1826 877 1882 920 nc·

173 948 227 1002 aut
256 945 343 1004 nobie
358 946 440 1005 dedit
467 965 502 1006 oe
523 949 621 1022 verbe,
637 955 689 1008 ant
713 953 826 1027 accepit
852 971 870 1011 ιι
894 953 1002 1012 nobie?
1054 953 1100 1012 bie
1115 972 1152 1012 ne
1166 953 1189 990 ⁸⁰
1212 953 1321 1012 mutire
1342 954 1522 1012 conceditur.
1538 953 1642 1012 blerito
1666 952 1757 1027 igitur
1780 951 1881 1009 omnin

172 1033 230 1091 Gur
244 1038 296 1093 aut
306 1036 415 1110 docuit,
426 1041 478 1096 ant
486 1037 613 1096 didicit?
627 1043 799 1116 scopentem
810 1042 887 1100 habe
900 1043 922 1080 ⁷¹
933 1059 1000 1100 con·
1054 1043 1153 1102 anime
1167 1059 1217 1101 rec
1239 1047 1270 1100 et
1291 1042 1377 1102 testie
1391 1047 1447 1112 eet,
1473 1041 1503 1100 ln
1518 1048 1636 1100 tentum
1650 1045 1680 1100 et
1694 1057 1744 1098 rea
1759 1039 1883 1110 erroria,

170 1123 349 1182 venientium
365 1126 580 1200 predicationis
595 1129 626 1188 in
643 1134 727 1190 tanta
750 1132 1000 1192 disconvenientia
1053 1133 1084 1191 in
1100 1135 1245 1208 quantum
1259 1133 1282 1171 ⁸¹
1301 1132 1387 1191 teatin
1402 1132 1535 1191 veritatie
1550 1149 1558 1202 ;
1573 1136 1603 1190 et
1617 1129 1707 1189 atabit
1730 1133 1799 1188 ente
1827 1145 1884 1186 an·

171 1214 411 1274 conversationis.
426 1220 528 1276 Vanae
543 1235 585 1291 ea,
602 1221 628 1276 ei
653 1219 722 1278 hnic
745 1220 855 1296 lingum
877 1221 932 1280 eoli
947 1226 1000 1280 aut
1053 1222 1099 1281 lae
1112 1223 1169 1296 (te)
1185 1222 1235 1280 Dei
1249 1221 1297 1280 die
1307 1222 1426 1294 ludicii,
1442 1221 1515 1279 nibil
1530 1222 1642 1280 hebeno
1664 1219 1770 1278 dicere.
1786 1219 1882 1276 Deum

172 1301 287 1376 Gomon,
315 1320 380 1378 quen
405 1306 577 1381 propinqum
608 1309 686 1367 inter
699 1327 732 1369 ae
758 1311 905 1370 habentur
931 1313 1000 1386 (to),
1054 1313 1234 1386 predicebne
1248 1313 1284 1384 ⁸²,
1307 1315 1337 1370 et
1351 1329 1409 1370 non
1432 1311 1602 1385 requirebas
1617 1329 1624 1381 3
1641 1309 1786 1367 daemonia
1807 1309 1884 1366 abo·

171 1391 496 1466 repntebieejnemodi,
512 1401 544 1453 ut
568 1413 659 1472 negee
687 1404 799 1458 nature
824 1401 999 1458 universita-
1055 1398 1228 1468 minabarie,
1243 1405 1272 1459 et
1293 1398 1346 1457 ille
1368 1399 1688 1473 adorabee;J'udicinrn
1703 1398 1754 1456 Dei
1778 1395 1884 1471 appel·

172 1481 242 1536 tem.
259 1481 324 1539 Non
340 1483 450 1542 Latinio
465 1501 519 1542 neo
533 1485 646 1559 Argivis
666 1487 739 1548 solie
764 1490 864 1548 anime
879 1491 914 1548 de
929 1489 1000 1548 coelc
1054 1490 1147 1560 labae,
1162 1505 1216 1548 nec
1238 1505 1303 1547 eree
1325 1487 1486 1559 credebee;
1510 1489 1625 1546 intorno
1648 1486 1794 1562 supplicia
1807 1502 1884 1560 prae·

171 1567 260 1626 cedit.
276 1569 416 1630 Omnium
430 1573 564 1648 gentium
579 1593 659 1634 unue
673 1578 762 1637 homo
784 1597 893 1638 nomen
908 1584 953 1638 ent
966 1580 999 1653 ⁷⁰,
1054 1579 1205 1653 eumcbae,
1220 1583 1249 1637 et
1264 1595 1323 1637 non
1338 1579 1521 1653 precavebae
1534 1595 1541 1648 ;
1554 1577 1753 1636 Christianum
1772 1591 1884 1635 nomen

173 1673 233 1715 nne
246 1659 355 1733 enimn,
365 1663 447 1722 veria
459 1680 524 1735 vox,
540 1683 618 1724 unna
633 1667 881 1742 spiritue,ueriue
897 1687 999 1742 eonue,
1055 1669 1204 1743 eapiebee,
1220 1672 1248 1726 et
1259 1667 1459 1726 Christianum
1475 1665 1709 1742 persequebaris.

171 1747 290 1823 propria
303 1750 408 1826 cuique
421 1751 500 1826 genti
514 1753 642 1830 loquele,
660 1759 712 1817 ned
737 1757 859 1833 loquele
875 1759 1001 1818 materie

878 1885 981 1949 Varie
1001 1883 1164 1948 lectiones.

188 1981 229 2066 'u
243 1983 301 2042 Neo
315 1985 375 2058 dio.
413 1987 437 2024 '⁸
451 1987 548 2046 liabeo
561 1992 626 2048 loe.
644 1991 705 2063 lliq.
743 1993 767 2030 ll
780 1993 863 2051 Unne
877 1994 978 2062 borno,
993 1994 1109 2052 varium
1132 2007 1239 2050 nomen
1256 1994 1302 2048 eet
1313 1991 1380 2048 lun.
1403 1989 1504 2062 liquit.
1528 1989 1669 2048 Omnium
1691 1988 1825 2064 gentium
1837 2004 1889 2046 ua·

168 2060 608 2203 {gunfiffitgqaequilogogmmll
623 2062 681 2121 Nec
700 2065 832 2124 ltcuwcr.
849 2067 908 2140 (ιι).
946 2066 969 2103 ⁸¹
984 2065 1100 2124 Etodd.
1114 2065 1178 2140 ltiq.
1215 2063 1332 2120 ”Nihil
1348 2061 1460 2120 babone
1472 2062 1580 2133 dicere,
1593 2063 1645 2120 eed
1665 2061 1791 2120 audiena
1805 2061 1886 2118 dioe-

889 2205 1152 2298 Commentarius.

190 2331 262 2414 ,(38)
277 2331 333 2390 dur
345 2333 382 2391 cd
395 2336 493 2392 oerum
507 2340 685 2396 commeatur.
702 2339 790 2396 Notat
815 2339 993 2408 Mecmbiue,
1009 2347 1034 2414 Β
1049 2344 1082 2398 nt
1095 2340 1310 2410 redemptorem
1326 2341 1356 2394 et
1370 2341 1558 2405 aeeertorem,
1575 2335 1825 2408 quemadmodum
1845 2335 1885 2392 ad

176 2401 229 2460 lrb.
245 2421 289 2472 ιιι,
313 2421 378 2480 cap.
404 2407 433 2474 9,
461 2412 492 2464 et
517 2409 644 2478 Servius,
665 2409 717 2468 lib.
746 2426 779 2467 ιιι
793 2411 902 2468 AEneid.
918 2416 996 2469 vete·
1055 2412 1135 2484 leges
1149 2411 1185 2468 ⁴2
1199 2409 1260 2466 tcb.
1273 2409 1353 2466 bunc
1371 2409 1469 2466 locum
1492 2407 1587 2465 citano
1607 2407 1694 2465 latino
1709 2409 1887 2481 interpreta-

175 2490 227 2560 ⁸rea
285 2492 318 2534 ro
349 2477 491 2551 qualitete
528 2482 697 2552 numinum,
735 2482 885 2540 interdum
927 2483 997 2555 ima,
1052 2482 1413 2555 tnrlleynerdunnceter,
1431 2479 1698 2553 caeteteros.

174 2551 325 2604 interum
371 2566 490 2608 nomme
535 2553 709 2626 respexieee.
759 2555 810 2610 liet
853 2556 1001 2612 conuocari
1092 2554 1147 2638 (40)
1176 2554 1241 2623 Qrtae
1264 2555 1424 2626 propinqum
1447 2555 1521 2609 iuter
1542 2567 1570 2607 ee
1592 2551 1737 2608 tutentur.
1762 2549 1889 2606 Veteres

174 2621 281 2674 teetem
301 2619 398 2691 pelam
422 2623 506 2680 ciere.
533 2623 634 2682 Cicero
661 2625 690 2681 in
720 2627 897 2681 Verremzu
927 2632 1001 2682 beon
1055 2641 1133 2681 enuu
1147 2623 1523 2682 Graeceelittcroeceadem
1555 2623 1888 2694 cueluieeo,qunnuno

174 2690 370 2763 hominesque
400 2698 592 2754 coniectatur.
623 2719 638 2748 ιι
668 2696 748 2754 ldem
783 2697 842 2754 Cic.
872 2697 1001 2770 appellat
1056 2697 1258 2764 tetinaeeunt,
1277 2639 1807 2756 indicioeeeeecribitPlinine,Pru.

173 2765 356 2819 contestatum
370 2762 415 2836 (de
427 2767 587 2836 Diuinae.):
607 2791 617 2817 ι
634 2768 725 2833 Quem
749 2769 828 2826 enim
854 2785 911 2824 non
937 2786 999 2825 mo·
1090 2769 1147 2839 (tt)
1169 2769 1242 2824 liene
1271 2768 1384 2839 ubique,
1413 2771 1469 2824 etc.
1495 2765 1606 2838 Ubique
1634 2781 1762 2837 praesens
1789 2767 1887 2819 estet

174 2831 999 2914 ventularineimiemonumeutieconteetetneoneignete·
1054 2837 1298 2912 omniereplet‚d
1322 2840 1463 2912 πανταχοῦ
1487 2835 1580 2910 παρὼν
1596 2835 1640 2891 καὶ
1665 2835 1750 2890 πάντα
1760 2832 1885 2907 πληρῶν

174 2906 430 3036 ἓὲἓῶξιιοέιίιίῧιῦῖ
443 2931 459 2962 ιι
473 2911 523 2968 liat
549 2916 649 2968 entem
673 2912 789 2970 detestor
810 2927 955 2982 exsecror,
972 2915 1001 2970 et
1054 2910 1152 3039 (ῗᾳὲἰι
1165 2915 1194 2967 s.
1223 2909 1451 2984 chrysostomus
1473 2915 1547 2966 orat.
1571 2910 1590 2964 2
1611 2908 1744 2966 adversm
1757 2907 1885 2966 todem.

332 3020 338 3034 .
416 3023 422 3035 .
1078 3000 1094 3038 r
1134 2999 1161 3038 ιι.

208 3048 265 3123 (39)
280 3051 338 3108 itur
350 3051 435 3108 ctibit
449 3054 542 3119 cernit,
557 3053 629 3110 olibi
641 3053 778 3110 vindicem
787 3053 998 3110 convenireti—
1090 3052 1149 3124 (te)
1163 3053 1195 3108 ut
1208 3052 1294 3108 ruebit
1308 3055 1375 3108 anre
1390 3053 1474 3108 uolua
1489 3051 1546 3107 ilci.
1563 3049 1734 3117 Rhenanus,
1747 3053 1776 3105 et
1790 3049 1887 3106 stobi-

171 3117 249 3177 ludit
263 3121 300 3178 ed
315 3123 345 3178 id
366 3123 443 3194 quod
465 3139 566 3197 cupra,
591 3140 656 3208 nep.
676 3128 704 3193 2,
721 3125 817 3182 dixit:
834 3147 849 3176 ιι
866 3124 898 3182 ln
925 3125 999 3200 ipsie
1055 3125 1100 3182 lie.
1118 3124 1196 3181 Nibil
1211 3124 1421 3180 mutandum«
1439 3123 1526 3188 illud,
1538 3143 1552 3173 ιι
1564 3131 1631 3179 ente
1645 3123 1729 3179 aulae
1745 3120 1828 3190 bot»
1839 3127 1888 3176 eet

60 3221 63 3228 .
170 3189 296 3264 deniqne
310 3192 431 3266 templis
456 3194 550 3252 Deum
572 3196 703 3267 jndicem
725 3196 999 3269 implendorum·
1057 3218 1068 3245 ι
1086 3200 1154 3253 ente
1174 3195 1282 3270 palatiu
1295 3195 1347 3252 Dei
1365 3217 1390 3261 ιι,
1416 3193 1473 3252 nisi
1502 3195 1626 3251 lortaaee
1648 3209 1744 3252 nermo
1758 3193 1795 3249 ad
1811 3207 1887 3249 oren

170 3265 307 3336 torquem
323 3265 403 3336 quod
418 3265 467 3322 bio
491 3283 551 3324 non
577 3266 673 3325 colum
690 3270 723 3324 ut
741 3268 884 3340 judicem,
903 3269 954 3324 ned
971 3272 1001 3323 ct
1055 3268 1212 3339 pertineat,
1234 3271 1263 3324 et
1285 3264 1444 3339 legendum
1464 3265 1513 3334 eit,
1529 3287 1544 3318 ιι
1561 3270 1629 3324 ente
1652 3265 1753 3323 caulae
1772 3263 1848 3333 llei;
1871 3285 1888 3314 ιι

170 3335 203 3388 nt
216 3333 362 3393 vindicem
378 3336 506 3394 invocari
523 3339 559 3395 ab
575 3337 650 3412 ipsis
666 3343 757 3397 Deum
777 3338 886 3406 innuit,
911 3339 940 3396 id
954 3343 1000 3395 eet
1056 3339 1130 3396 nibil
1148 3343 1246 3397 tamen
1261 3338 1450 3395 mutandum.
1467 3342 1532 3394 bec.

265 3587 359 3793 Ο.
419 3592 697 3760 SEPT.
761 3593 1049 3772 FLOR.
1109 3593 1783 3760 TERTULLIANI

713 3871 829 3998 ιιι)
874 3871 1341 3998 MARTYRES
1496 3883 1498 3888 ’

933 4085 1047 4148 nunu
1066 4084 1123 4168 (ι).

180 4429 185 4442 ⁸
210 4361 479 4421 decumarum-
495 4360 597 4431 Quinto
608 4359 797 4435 perseeutione
808 4359 929 4433 jamjam
952 4359 1116 4416 imminente
1137 4359 1189 4415 eut
1214 4357 1311 4416 seuero
1332 4359 1495 4432 operculum
1509 4358 1585 4416 iilud
1598 4358 1707 4433 compsit
1721 4357 1889 4432 Septimius,

176 4450 207 4505 in
222 4466 274 4521 quo
286 4457 426 4524 martyrae
454 4450 619 4508 adteretur
645 4448 682 4506 od
708 4449 893 4525 comtqntiom
916 4447 946 4505 iu
967 4446 1030 4520 fide,
1059 4451 1085 4505 et
1108 4447 1286 4505 alacritatem
1298 4448 1328 4504 in
1342 4447 1482 4506 subeundo
1496 4449 1619 4506 carceris
1640 4447 1791 4522 aquatione,
1801 4449 1891 4522 judi·

173 4539 429 4698 marmoratio.
445 4539 496 4597 doe
521 4554 588 4597 vcro
609 4538 782 4612 ootuoimom
804 4537 841 4595 nd
862 4552 957 4609 nocem
972 4536 1086 4604 incitet,
1110 4551 1194 4609 quom
1208 4536 1256 4610 qut
1269 4551 1326 4594 ιιοιι
1339 4536 1475 4594 tobetoct
1490 4536 1661 4610 inlicctcsio,
1676 4538 1891 4610 ommim-ibor

394 4859 471 4916 m
485 4855 605 4917 CAPUT
624 4857 778 4918 PillldUll.
1017 4856 1040 4928 c
1059 4855 1219 4930 gnatique
1234 4854 1317 4915 vobio
1331 4860 1362 4914 et
1374 4855 1497 4914 domine
1511 4855 1746 4916 maienllccleeia
1760 4856 1797 4914 de
1813 4858 1890 4916 ube·

176 4947 258 5004 luter
270 4945 369 5006 carnin
383 4945 534 5018 alimenta,
549 4948 695 5006 benedicti
710 4951 853 5020 martyreo
872 4944 912 5019 (ἓ)
926 4942 1002 5002 deni·
1058 4943 1141 5003 ribna
1156 4945 1231 5016 oute,
1246 4949 1275 5003 et
1290 4943 1400 5018 cinguli
1416 4945 1522 5004 lintree
1537 4945 1574 5003 de
1587 4944 1693 5020 opibus
1707 4945 1717 4982 ¹
1731 4947 1797 5004 ente
1817 4962 1889 5020 pm·

888 5074 990 5140 Variae
1010 5073 1169 5141 lectiones.
1264 5059 1272 5072 ’

215 5159 224 5196 ¹
241 5157 386 5232 Operibus
400 5157 487 5217 lttm.
501 5159 617 5232 Fruncq.
633 5159 724 5215 Porio.

896 5253 1156 5316 Commentarius.

213 5363 254 5436 (t)
282 5363 366 5422 tiber
394 5378 446 5422 een
469 5361 568 5435 potine
605 5376 703 5419 eermo
740 5361 777 5416 ad
817 5360 998 5434 consumme,
1091 5361 1129 5434 (2)
1145 5361 1446 5434 Bmedietimortym.
1468 5360 1500 5418 ld
1516 5364 1561 5419 eat
1585 5361 1729 5420 tondendi.
1745 5362 1807 5420 lloo
1822 5363 1888 5438 epi·

179 5451 254 5508 quoe
281 5439 423 5510 uomqrm
451 5449 486 5491 ex
509 5433 604 5506 prieoo
633 5430 773 5504 loquendi
802 5447 883 5490 more
905 5436 999 5504 vocat,
1054 5432 1136 5490 theto
1160 5437 1303 5505 martyreo
1319 5436 1404 5490 ornat
1425 5431 1635 5507 Tertullianus,
1651 5440 1684 5492 nt
1702 5435 1792 5508 paulo
1828 5441 1888 5500 oet.

179 5507 258 5565 circa
280 5523 391 5564 annum
412 5505 473 5562 197.
494 5504 595 5576 judice
611 5502 657 5559 Cl.
683 5501 840 5572 Noeeeelto,
865 5508 1001 5562 excretus
1056 5503 1199 5575 imprimis
1212 5518 1274 5576 erac
1291 5503 1436 5573 benedicti,
1455 5507 1484 5562 et
1496 5504 1622 5564 inlraod
1640 5506 1784 5579 Hortum.
1799 5449 1886 5574 guod

179 5582 234 5647 eat,
250 5595 284 5636 eo
299 5579 358 5636 lere
372 5580 504 5650 tempore
518 5577 570 5632 abe
586 5573 765 5632 Tertulliano
775 5575 870 5631 adbuc
885 5591 918 5632 ex
936 5591 1002 5633 ease
1055 5572 1221 5632 Eleutherio
1239 5576 1370 5660 pontifici
1387 5576 1470 5633 llum.
1485 5579 1514 5632 et
1528 5578 1651 5651 martyri
1667 5578 1724 5634 'arn
1740 5578 1886 5636 defuncto

181 5649 413 5734 catholiceque
441 5651 564 5706 Severus
591 5646 622 5702 in
654 5661 704 5704 eon
733 5645 935 5720 inquieiverut‚
951 5645 1002 5721 qni
1056 5645 1194 5720 superine
1208 5649 1297 5704 etiem
1312 5646 1456 5704 attribuit.
1472 5647 1635 5722 Cyprianus
1670 5647 1842 5706 ortiaeimoe
1858 5653 1889 5708 ot

180 5727 280 5792 partes
294 5721 376 5794 Nigri
390 5719 531 5780 etlllbini
545 5717 638 5778 eecuti
661 5718 787 5788 lucrant,
812 5718 1002 5792 quemadmo·
1057 5716 1244 5801 beatisqimoe
1268 5717 1393 5777 enbinde
1415 5734 1518 5778 vocare
1550 5719 1636 5791 eolet;
1661 5721 1791 5795 quodem
1815 5720 1885 5780 loeo

824 5789 895 5848 dum
906 5787 968 5848 bac
1057 5787 1235 5850 lortieermoa
1249 5793 1277 5850 et
1292 5787 1491 5851 fidelieeimoe.
1506 5787 1599 5853 unm.
