4102 6178
237 305 296 374 aas
499 271 762 373 rnnrunuinru
785 305 947 374 ornuuu
969 307 1069 372 raes
1091 310 1116 370 1.
1133 299 1324 370 -snnrne
1346 307 1372 381 i,
1394 257 1677 369 erouoonrtun.
1877 303 1935 364 ose

240 449 341 502 rente:
358 449 391 502 st
406 443 480 501 uiuit
499 445 583 510 Deus,
607 445 672 500 Fiat
700 444 759 511 tux,
788 449 814 500 et
840 444 915 514 forto
934 445 982 514 est,
998 442 1061 516 ipse
1075 443 1103 514 A
1118 442 1249 498 nondum
1264 440 1393 498 eluxerat
1408 438 1459 497 Dei
1487 435 1636 510 Sapientia
1662 437 1691 493 at
1716 431 1834 510 Sophia.
1862 435 1936 494 Tum

239 533 342 593 statim
357 533 458 590 Sermo
475 533 525 589 lux
538 549 614 603 nero,
629 547 693 605 quse
707 533 848 589 illuminat
862 533 1001 590 hominem
1014 548 1060 588 ve·
1114 547 1182 590 vero
1197 530 1358 589 clarissime
1380 529 1507 598 emicuit,
1535 527 1652 600 quando
1676 524 1727 582 lox
1751 523 1935 598 primigenia,

237 625 359 680 sienem
373 621 403 678 in
416 621 495 678 huno
510 620 654 686 iraeneum,
672 625 701 676 et
715 637 766 693 per
789 619 874 677 illum
899 618 1061 677 mundialis
1114 625 1258 693 tauquam
1273 621 1370 695 imago
1385 619 1449 675 Filii
1461 617 1579 690 Dei‚qui
1590 619 1703 672 sterne
1714 613 1791 672 lueis
1799 612 1937 686 splendor

236 724 352 782 quoque
367 709 427 765 lux.
454 708 564 765 Exinde
590 714 688 764 autem
717 708 748 764 in
776 713 915 764 Sermone
943 706 1059 765 Christo
1114 714 1169 783 eet,
1186 710 1338 767 materiam
1354 708 1522 776 illustravit,
1538 721 1642 778 resque
1661 702 1797 777 singulas
1817 718 1874 760 eoa
1888 719 1936 759 ve·

236 799 396 856 assistente
409 802 438 854 et
452 798 689 868 administrante,
705 797 783 854 Deus
798 796 923 854 voluerit
937 796 1010 868 lieri,
1031 801 1060 853 et
1113 800 1196 858 stivit
1210 799 1306 873 speeie
1321 815 1433 872 suoque
1451 801 1569 854 ornatu.
1590 795 1645 851 Sed
1670 795 1740 851 huia
1762 793 1935 866 interpretu-

235 887 313 946 Deus
328 887 397 945 feeit
399 928 454 944 .....
468 903 519 960 per
542 903 621 960 quem
643 887 738 943 omnio
760 887 833 958 forto
856 890 932 943 sunt.
949 907 964 936 u
989 885 1058 943 lnde
1112 889 1185 947 tioni
1199 889 1272 946 illud
1288 903 1452 962 repugnare
1467 887 1593 956 videtur,
1609 883 1687 958 quod
1704 899 1761 940 non
1787 881 1887 939 minus
1902 899 1936 940 ax

238 980 335 1034 autem
345 974 526 1033 eoneludunt
535 975 575 1032 ibi
583 975 735 1032 manifeste
744 975 940 1032 demonstrari
952 974 1059 1031 Filium
1112 979 1253 1036 ordinata
1268 984 1297 1036 et
1311 977 1438 1034 ooniusns
1455 975 1598 1042 materiei,
1613 991 1702 1047 quom
1725 989 1759 1030 ex
1782 970 1858 1029 lueis
1874 971 1935 1045 pri·

237 1071 267 1125 et
280 1067 423 1140 Spiritum
439 1067 600 1124 seeundum
615 1071 645 1124 et
656 1066 774 1123 tertiam
788 1065 942 1123 Trinitatis
957 1082 1057 1139 perso·
1112 1067 1246 1141 migenies
1262 1067 1411 1124 ereotione
1422 1065 1529 1123 emieat
1543 1064 1595 1122 Dei
1608 1065 1708 1120 Sermo
1722 1067 1752 1118 et
1766 1060 1870 1129 Filius,
1884 1078 1937 1133 per

234 1174 302 1215 nam
318 1175 377 1215 non
392 1157 485 1215 fuisse
498 1175 533 1215 ex
547 1162 655 1216 aeterno
669 1158 875 1227 subsistentes,
896 1158 946 1214 sed
963 1174 1056 1230 quon·
1111 1173 1198 1229 quem
1214 1162 1242 1214 et
1255 1157 1305 1214 lux
1316 1156 1465 1231 qualibet,
1480 1160 1509 1212 st
1522 1158 1624 1212 catera
1634 1151 1734 1210 omnia
1744 1155 1843 1208 ereata
1854 1155 1934 1207 sunt.

234 1246 271 1304 do
285 1245 362 1303 Deua
378 1246 521 1303 mundum
537 1246 630 1303 voluit
644 1246 748 1318 lesere,
765 1263 798 1304 se
812 1247 910 1321 reipsa
924 1247 1000 1302 ierit.
1111 1246 1140 1304 si
1156 1247 1224 1319 quis
1237 1251 1336 1304 tamen
1352 1253 1430 1304 reste
1446 1245 1612 1318 probaverit
1633 1257 1733 1300 reram
1758 1256 1823 1298 asse
1845 1239 1935 1310 hano,

268 1354 344 1412 849
361 1360 398 1411 nt
412 1355 627 1412 observandum
644 1359 689 1412 est
703 1354 919 1412 Tertullianum
935 1355 1054 1412 bisvar-
1109 1349 1199 1408 00000
1214 1334 1317 1392 0000000
1332 1335 1426 1403 00000ον
1442 1333 1597 1391 0000000000
1616 1329 1791 1388 ’0000000000
1805 1329 1936 1402 expliea-

232 1443 279 1500 bis
294 1444 482 1517 respondisse
496 1444 608 1500 Praxeae
628 1444 774 1513 heretico,
799 1443 955 1501 Catholicis
979 1444 1053 1516 obji·
1108 1425 1230 1495 000000ον
1246 1425 1315 1483 0000
1331 1442 1388 1482 000
1414 1423 1574 1481 00000000
1599 1419 1819 1492 0000000000οΡ»
1845 1419 1935 1476 00000

191 1581 195 1588 ,
232 1532 319 1590 aienti
334 1534 438 1600 Deum,
453 1534 499 1589 eui
515 1533 589 1590 nihil
603 1533 785 1606 impossibile
803 1537 859 1604 est,
875 1534 1007 1606 potuisse
1021 1551 1054 1592 ee
1107 1515 1185 1574 ⁸5⁰
1200 1515 1267 1572 0000
1279 1515 1366 1572 000000
1380 1513 1477 1586 0000080
1493 1513 1587 1586 000000
1602 1529 1619 1568 0
1633 1508 1936 1580 0000000000008000·

230 1619 329 1694 ipsum
344 1626 374 1678 et
387 1624 505 1678 Patrem
520 1626 549 1678 et
564 1619 668 1678 Filium
684 1621 772 1678 simul
788 1623 891 1679 lasere.
907 1622 1053 1680 Lubenter
1107 1604 1133 1660 00
1147 1608 1289 1662 00000000
1303 1602 1391 1670 0000ον
1403 1603 1465 1660 0000
1479 1601 1544 1658 00000
1565 1599 1616 1658 0000
1640 1598 1826 1673 0000000000ῐο
1849 1601 1934 1653 00000·

230 1713 330 1767 autem
345 1709 394 1766 ille
408 1709 517 1767 latetur
531 1710 629 1767 omnia
645 1711 764 1782 quidem
779 1726 797 1766 a
813 1711 868 1768 lieo
880 1727 966 1784 posse
976 1711 1050 1784 iteri,
1106 1709 1234 1766 namque
1248 1691 1466 1766 8000000000000
1480 1690 1516 1748 00
1530 1691 1595 1764 0000
1609 1693 1670 1746 0000
1692 1691 1872 1755 0000000000,
1887 1687 1934 1744 000

230 1800 281 1858 sed
297 1815 355 1856 non
369 1800 479 1872 omnia,
495 1816 560 1871 qus
574 1801 681 1872 potuit,
697 1799 733 1856 ab
748 1799 798 1856 illo
816 1815 881 1858 esee
896 1801 982 1858 laeta.
999 1801 1051 1859 De·
1064 1819 1090 1888 B
1104 1783 1244 1852 0000000οι
1261 1785 1404 1840 00000000
1418 1798 1451 1839 00
1470 1787 1695 1855 0000030000·

229 1888 317 1946 bebai
331 1890 421 1963 igitur
431 1889 712 1947 Praxeaaeuidenter
722 1890 923 1948 demonstrare
934 1890 1049 1948 Patrem
1406 1930 1567 1972 mcum,
1586 1929 1626 1970 lx,

202 2005 210 2013 ·
228 1993 329 2036 revera
343 1995 375 2036 se
390 1979 488 2051 ipsum
504 1978 607 2035 lesisse
621 1982 680 2035 tam
695 1979 810 2035 Patrem
827 1995 916 2052 quam
932 1979 1049 2054 Filium,
1104 2006 1228 2064 Solvim,
1241 2004 1320 2062 ,liud
1334 2011 1537 2076 mmmmm,
1554 2001 1620 2060 inde
1630 2002 1758 2074 pentum.
1781 1999 1853 2074 md
1868 2001 1932 2056 Ter,

229 2066 289 2125 0000
304 2085 360 2124 000
377 2067 468 2125 000000
484 2084 547 2125 0000
562 2067 680 2134 Filium»
697 2084 787 2140 (10001
802 2069 900 2140 ipsum
922 2070 1048 2126 Patrem·
1140 2077 1280 2134 tuitiones
1295 2077 1399 2133 dixisse
1410 2077 1519 2133 uidetur
1532 2077 1620 2147 [uisu
1634 2077 1750 2146 tempus,
1773 2089 1827 2146 quo
1841 2073 1934 2129 Filius

228 2159 335 2214 Contra
349 2173 416 2214 vero
431 2155 631 2213 Tertullianus
646 2173 679 2213 eo
695 2157 828 2213 securius
843 2157 973 2214 alllrmst
987 2158 1017 2215 id
1032 2175 1049 2216 a
1140 2150 1191 2207 Dei
1205 2166 1259 2206 000
1274 2154 1344 2206 tral-

226 2243 338 2303 000000
350 2261 408 2302 000
432 2261 519 2319 00000
543 2261 675 2318 unquam
697 2246 824 2318 0000000»
851 2263 909 2319 quo
933 2247 1049 2305 00000000
1138 2264 1204 2322 Alia
1232 2265 1368 2322 Peteviue
1396 2261 1662 2336 argumentatione,
1690 2277 1725 2318 ex
1751 2258 1932 2317 Tertulliani

226 2333 306 2392 00000
322 2336 453 2409 00080000
467 2334 624 2408 0000000000
639 2335 817 2406 0000000000ον
841 2337 949 2409 quibus
970 2338 1049 2410 apud
1102 2359 1205 2412 eontra
1221 2355 1431 2427 Hermogenem
1447 2353 1522 2408 libro
1540 2351 1676 2418 deducta,
1692 2349 1810 2422 probari
1830 2348 1931 2405 adhue

226 2441 281 2481 nos
297 2446 312 2476 «
327 2423 466 2481 distinete
479 2424 563 2481 Pater
576 2427 605 2480 et
616 2423 707 2482 Filius
722 2425 972 2495 demonstrantur,
989 2425 1048 2483 die·
1103 2458 1189 2516 ΡΜ
1203 2443 1342 2516 opinatur
1356 2441 1399 2497 1111
1414 2441 1626 2514 jnoompgmm
1642 2439 1760 2513 penitus
1773 2437 1866 2494 ruis„
1880 2437 1930 2493 [ἢ.

225 2512 327 2583 000000,
342 2511 476 2585 0000000,
492 2530 551 2568 000
567 2512 678 2581 00000οἰ
695 2536 709 2563 0
725 2513 808 2586 (0000·
820 2531 884 2588 000·
895 2515 942 2587 00)
953 2530 1050 2587 qnan·
1101 2532 1134 2588 lii
1149 2531 1200 2589 Dei
1215 2532 1420 2590 eternitatem.
1434 2530 1589 2587 Airioanue
1604 2528 1748 2600 siquidem
1759 2531 1929 2584 auctorne·

226 2599 384 2672 0001000000
397 2598 488 2657 000000
503 2600 564 2669 000ον
580 2601 658 2658 00000
672 2601 759 2658 000000
779 2601 918 2674 00000000,
933 2619 951 2658 0
965 2603 1049 2660 00000
1101 2624 1162 2678 ster
1176 2620 1381 2690 disertissime,
1402 2618 1445 2676 uti
1468 2617 1584 2675 Petusio
1602 2615 1729 2684 videtur,
1753 2615 1930 2688 pronuntiat

227 2690 364 2764 prodivit,
380 2696 468 2763 atque
482 2689 589 2746 ideireo
600 2691 637 2747 ab
648 2707 681 2748 eo
691 2691 866 2762 estquidem
878 2691 1047 2766 distinctus,
1102 2713 1221 2784 tempu,
1237 2709 1341 2776 fuisse,
1356 2725 1414 2781 quo
1430 2707 1521 2765 pilius
1535 2706 1587 2763 pei
1598 2723 1655 2763 nou
1667 2709 1738 2762 mi,
1751 2702 1863 2762 purum
1873 2721 1929 2760 gu.

225 2779 276 2836 sed
288 2779 468 2836 nondiviene
479 2780 925 2853 etseparatus,quiaeademest
936 2782 1047 2840 utrius·
1100 2804 1159 2857 gem
1176 2803 1340 2872 putumque
1354 2797 1426 2856 illud
1441 2796 1501 2854 Arii
1516 2801 1545 2854 eq
1563 2799 1741 2853 „mgnum
1764 2795 1832 2866 ,qus
1846 2811 1929 2850 com.

227 2884 284 2941 (100
308 2868 484 2926 0000000000·
507 2869 582 2925 0000
607 2869 712 2926 000000
736 2869 892 2942 50000000
915 2870 1047 2942 00000000
1101 2894 1234 2946 mentum
1250 2893 1335 2960 putat
1345 2887 1481 2945 eruditus
1491 2885 1541 2942 ille
1550 2882 1812 2942 viraTsrtullisno
1822 2883 1929 2954 asseri,

225 2957 402 3014 auctoritate
416 2957 546 3014 ostendit
560 2961 619 3014 tres
641 2973 707 3014 esse
729 2956 882 3016 Trinitatis
908 2976 1048 3032 {sereonas
1100 2979 1153 3036 ubi
1169 2977 1369 3052 Hermogenis,
1382 2975 1597 3049 quimgqerjam
1608 2973 1930 3030 neocoaetemmesge

225 3046 1048 3120 unitatesimplicisconnexas.ntibieaprotutitverha
1100 3067 1257 3140 garriebat,
1287 3070 1461 3140 ,rgumenta
1497 3063 1594 3120 diluit,
1622 3062 1749 3119 Materia}
1777 3062 1929 3119 ,mimum

223 3152 288 3210 (100
299 3136 583 3207 000000000000000οι
595 3152 628 3192 00
640 3135 936 3208 0000000000000000
947 3141 1047 3196 000000
1101 3157 1295 3212 eternitatem
1310 3157 1465 3212 hsretious
1481 3152 1532 3210 ille
1551 3153 1639 3210 homo
1664 3152 1868 3208 demonstrare
1894 3167 1928 3208 eo

223 3225 301 3282 00000
315 3241 380 3281 0000
395 3241 447 3296 000
462 3224 513 3281 0000
530 3225 712 3290 500000000οι
729 3225 789 3282 0000
802 3241 854 3298 000
866 3226 970 3283 0000000
983 3228 1045 3300 0000,
1100 3245 1258 3313 nitebatur,
1275 3245 1352 3316 quod
1367 3243 1445 3300 liene
1460 3259 1612 3315 nunquam
1632 3257 1689 3298 non
1704 3241 1850 3298 Dominus
1861 3239 1927 3296 iue-

224 3313 274 3388 000
283 3318 312 3370 00
322 3313 385 3386 0000
396 3313 473 3370 00000
483 3317 537 3369 000·
549 3312 622 3377 00000
632 3329 701 3386 0080
711 3312 763 3370 0000
772 3315 872 3370 000000
882 3323 927 3372 000
938 3315 1045 3375 0000000
1100 3335 1150 3392 rit.
1166 3334 1201 3390 lt
1211 3333 1366 3402 Dominus,
1382 3332 1545 3406 inquiebat,
1557 3346 1674 3403 semper
1683 3345 1748 3386 esse
1758 3345 1818 3385 non
1829 3329 1927 3402 potuit

224 3399 1043 3478 abaudistinguitur,etaliusdicitur,«personuinquit,
1099 3424 1157 3480 nisi
1173 3423 1313 3489 mam,
1326 3423 1407 3495 ὂψ,
1420 3436 1528 3494 semper
1545 3421 1677 3476 pompm
1691 3417 1850 3475 haberetur,
1867 3417 1925 3474 sed

223 3508 281 3548 000
296 3489 469 3547 0000000000
482 3490 611 3560 0000000,
627 3489 663 3544 00
679 3489 908 3560 00000000000000,
931 3510 989 3550 000
1007 3496 1044 3551 00
1098 3509 1153 3567 hoe
1167 3509 1359 3583 Hermogenis
1373 3514 1576 3580 argumentum
1592 3504 1700 3564 relellit
1709 3504 1924 3576 Tertullianus,

224 3579 409 3636 divisionem.
423 3600 437 3630 »
453 3577 604 3643 Quomodo
619 3582 715 3634 eutero
733 3595 792 3635 una
807 3584 852 3636 est
866 3579 945 3638 illius
955 3583 1044 3640 etPa·
1098 3604 1244 3671 negatque
1258 3597 1351 3654 neum
1367 3613 1483 3669 semper
1496 3595 1585 3653 fuisse
1608 3594 1767 3652 nominum
1784 3592 1923 3664 (pertuli,

222 3665 276 3726 trie
291 3666 456 3724 substantia
469 3673 498 3722 et
511 3682 587 3722 unus
602 3682 670 3722 eum
685 3683 718 3722 eo
733 3667 822 3736 Deua,
838 3668 895 3725 nisi
910 3671 946 3727 ab
962 3677 1043 3730 ster·
1097 3688 1159 3745 agg,
1176 3693 1305 3759 Herm,
1322 3703 1385 3760 021„
1401 3687 1439 3760 3),
1463 3709 1477 3738 «
1495 3684 1572 3742 neus
1595 3685 1684 3753 enim,
1708 3683 1751 3740 uti
1775 3683 1828 3754 ait,
1854 3684 1923 3740 sub.

224 3773 273 3828 ¹²⁰,
293 3756 371 3812 00000
382 3755 467 3811 00000
481 3752 590 3811 0000000
618 3755 691 3812 (0000
720 3755 809 3826 igitur
836 3757 909 3815 00000
936 3759 1042 3818 0000000
1097 3777 1212 3835 stantis
1228 3776 1322 3849 ipsius
1339 3791 1456 3844 nomen,
1472 3775 1562 3831 idest
1584 3771 1757 3843 divinitatis,
1774 3771 1922 3829 Dominus

222 3844 274 3904 0000
290 3851 358 3902 ante
377 3844 480 3902 000000
505 3843 656 3900 0000000000
681 3861 739 3901 000
764 3847 947 3918 0000000000»
963 3848 1041 3906 0000
1095 3882 1237 3922 veronen
1263 3863 1448 3936 substantiis,
1473 3864 1523 3920 sed
1550 3862 1747 3936 potestatis.»
1774 3860 1920 3918 Dominus

219 3936 344 3994 obseura
359 3931 507 4007 signifieat
521 3932 606 3989 illum
622 3937 693 3990 tuno
708 3932 781 3989 nulli
795 3939 935 3992 ereatura
950 3938 1043 3996 luisse
1095 3970 1164 4027 orgo
1178 3957 1294 4010 tanqum
1310 3954 1374 4021 fvii,
1389 3969 1425 4010 εχ
1439 3969 1497 4026 quo
1523 3969 1557 4008 ea
1579 3967 1644 4009 2030
1668 3952 1832 4024 peperunt,
1857 3966 1919 4022 qum

216 4026 381 4098 dogalium.
399 4021 453 4080 Ubi
469 4038 547 4094 VGPO,
563 4021 605 4078 uli
620 4021 669 4079 00οθ
684 4022 792 4079 ibidem
815 4024 866 4094 000,
890 4025 1598 4115 [0000110000-Βθῃξίῃροῑθῃιᾶῑθῂῃῂῃῆ,ἳοῃω
1619 4039 1726 4097 deinde
1748 4039 1793 4096 gio
1817 4055 1919 4112 proso.

218 4117 300 4171 olum
317 4116 372 4210 000,
387 4113 449 4169 0000
472 4111 533 4183 000»
549 4114 627 4210 ,0000
651 4110 753 4167 0000000
774 4110 823 4209 000
845 4113 922 4170 00000
943 4121 998 4188 000,
1013 4121 1043 4173 00
1095 4131 1215 4204 quitur:
1235 4131 1336 4196 «Quia
1349 4133 1378 4186 et
1391 4130 1478 4186 Pater
1496 4129 1573 4186 Deus
1598 4133 1651 4198 est,
1676 4132 1705 4185 et
1724 4129 1818 4200 judex
1842 4127 1920 4184 Deos

219 4199 510 4274 “Plilfflilfflfllls
532 4214 593 4254 0000
615 4197 716 4254 000000
739 4197 802 4298 000ος
828 4216 884 4256 000
909 4201 1040 4275 0000000,
1094 4225 1149 4291 est,
1166 4237 1223 4277 non
1239 4220 1304 4276 ideo
1320 4224 1419 4276 tumen
1436 4219 1521 4276 Pater
1534 4223 1563 4275 et
1581 4218 1674 4291 judex
1696 4232 1825 4288 semper,
1849 4217 1920 4288 quia

218 4291 289 4365 quis
303 4296 366 4346 0000
382 4289 523 4362 00000000,
538 4302 590 4342 000
605 4292 691 4386 00000
707 4291 828 4354 000000ον
845 4289 895 4360 000
911 4291 947 4346 00
957 4295 1040 4348 00000·
1094 4310 1384 4382 Deussemper.ltam
1394 4307 1711 4380 neoPaterpotuitesse
1721 4311 1789 4364 ante
1798 4305 1917 4376 Filium,

217 4393 256 4436 00
271 4379 389 4452 8000000
404 4379 509 4447 000000,
525 4375 575 4464 sed
592 4390 663 4447 0010
676 4379 746 4432 0000
760 4375 932 4478 nominibus
953 4381 1040 4453 000000
1094 4415 1148 4456 nee
1158 4399 1251 4471 judex
1266 4403 1333 4455 ante
1344 4397 1496 4455 delictum.
1512 4396 1579 4454 Fuit
1592 4401 1691 4453 autem
1705 4400 1838 4468 tempus,
1851 4409 1917 4452 cnm

219 4483 361 4562 00000000
377 4467 427 4540 (100
443 4473 488 4524 000
501 4465 552 4521 000
565 4481 643 4534 vera,
672 4481 735 4538 qua
758 4463 908 4524 00000000
922 4484 1039 4527 0000000
1095 4492 1123 4544 et
1136 4487 1276 4544 delictum
1290 4489 1321 4544 et
1342 4486 1431 4544 Filius
1455 4502 1513 4543 non
1539 4485 1603 4554 luit,
1628 4485 1706 4558 quod
1726 4485 1875 4558 judicem,
1889 4485 1919 4540 et

218 4555 368 4612 0000000000
384 4555 545 4612 0000000000
561 4555 591 4610 00
600 4553 686 4654 ,0000
700 4554 855 4610 00000000·
877 4558 911 4612 00
924 4561 1039 4616 0000000
1054 4561 1079 4628 Ι)
1095 4576 1146 4650 qui
1161 4575 1278 4633 Patrem
1294 4575 1451 4633 Dominum
1469 4576 1593 4632 iaceret:
1609 4575 1652 4630 sio
1662 4573 1848 4631 etllominus
1861 4589 1916 4630 non

218 4643 303 4744 00000
317 4648 350 4700 00
364 4643 608 4743 00000000000000
632 4643 725 4700 000000
748 4644 899 4717 responsio
923 4646 1038 4706 0000000
1093 4671 1161 4723 ante
1172 4681 1216 4736 aa,
1233 4681 1356 4738 quorum
1370 4665 1513 4722 Dominus
1527 4663 1689 4732 exsisteret,
1704 4662 1755 4718 aed
1771 4661 1917 4719 Dominus

219 4731 345 4806 aliisque
361 4733 455 4789 faveat
478 4737 511 4789 ut
524 4737 633 4832 ¹potins
656 4735 747 4790 totam
772 4733 905 4792 funditus
929 4741 1040 4795 eredat
1091 4757 1207 4812 unium
1223 4754 1340 4811 futurus
1357 4754 1543 4827 quandoque,
1559 4753 1635 4808 siout
1650 4756 1732 4824 puter
1747 4751 1915 4825 perunum,

216 4836 318 4879 000000
333 4825 628 4893 0080000000000000·
1092 4843 1271 4916 sioutjudex
1286 4860 1338 4916 per
1349 4843 1487 4900 delictum
1503 4859 1510 4911 ;
1525 4842 1567 4898 ita
1585 4845 1615 4898 et
1636 4841 1781 4898 Dominus
1805 4857 1861 4912 per
1883 4855 1917 4896 ea

251 4929 368 4985 seimus
382 4928 502 5002 quidem
517 4927 598 4984 illius
612 4928 700 4985 verba
714 4927 805 4985 alium
829 4928 861 4986 in
884 4947 1038 4991 sensuma
1093 4948 1157 5005 qua
1173 4932 1229 4988 eibi
1246 4931 1389 4989 servitura
1405 4931 1531 4989 lenisset.
1547 4952 1562 4981 u
1577 4928 1660 4986 Unde
1670 4927 1822 4987 ooneludit
1832 4931 1914 4987 Peta-

215 5017 298 5076 Bullo
313 5017 489 5090 detorqueri.
504 5018 545 5074 lla
558 5017 638 5074 enim
653 5016 736 5074 vslde
750 5018 876 5076 obseura
889 5037 954 5077 esse
968 5038 1036 5079 oon·
1092 5021 1157 5079 vius
1167 5037 1184 5078 a
1196 5019 1378 5078 Tertulliano
1392 5021 1469 5078 olsre
1485 5036 1518 5077 so
1532 5019 1686 5092 perspicue
1697 5017 1812 5076 deliniri
1823 5019 1915 5077 luisse

216 5107 327 5180 fitetur,
342 5108 394 5164 sed
408 5122 474 5179 qus
488 5111 587 5162 tamen
602 5104 769 5178 suspiratur
783 5107 819 5164 de
832 5107 897 5164 Filii
918 5110 1037 5182 appari·
1092 5113 1220 5182 tempus,
1237 5125 1295 5182 qno
1310 5109 1402 5166 liilius
1416 5108 1467 5166 Dei
1482 5125 1539 5166 non
1555 5113 1628 5166 erat.

213 5195 294 5254 tione
306 5195 349 5253 sio
364 5213 428 5252 osse
443 5193 649 5268 intelligenda:
665 5193 753 5252 Filius
768 5195 828 5266 Dei,
840 5196 949 5267 aitille,
962 5215 1036 5271 qua·
1126 5199 1226 5271 Neque
1240 5198 1477 5272 respondendum
1495 5203 1541 5256 eat
1564 5195 1778 5254 Tertullianum
1803 5214 1863 5254 non
1879 5197 1914 5253 de

216 5287 303 5342 tenus
320 5289 365 5341 est
378 5291 486 5341 reterns
499 5283 584 5340 Ratio
598 5288 626 5340 et
641 5283 759 5356 Sophia,
784 5289 856 5342 tuno
878 5286 909 5342 in
932 5288 1037 5359 primia
1091 5286 1152 5355 Dei,
1168 5286 1219 5344 sed
1234 5285 1363 5358 quolibet
1377 5287 1531 5344 homiuum
1548 5285 1607 5343 illio
1622 5285 1713 5360 loqui.
1729 5285 1802 5342 Nam
1814 5286 1913 5342 abida

214 5389 355 5448 apparere
369 5371 487 5447 incepit,
503 5373 620 5446 quando
636 5372 714 5430 Deus
727 5372 908 5432 inconditam
923 5379 952 5432 et
967 5394 1036 5434 oon·
1090 5375 1142 5432 Dei
1156 5374 1270 5448 sophia,
1286 5375 1347 5435 sive
1360 5375 1425 5450 ipso
1441 5376 1491 5432 Dei
1509 5375 1590 5447 Titio,
1610 5374 1740 5443 disserit,
1755 5374 1795 5431 ibi
1810 5376 1848 5432 de
1863 5375 1913 5431 illo

212 5463 310 5520 lusam
327 5478 425 5519 rerum
448 5462 600 5519 materiem
625 5462 771 5536 sapientia
792 5480 846 5520 sua
869 5463 1035 5538 disponere,
1090 5463 1911 5537 eitetetinterpretaturhmoProverbiorumverba(Pron.

203 5550 350 5632 vordinere
364 5556 394 5610 et
406 5567 546 5609 exornare
560 5567 716 5626 aggressus
731 5555 786 5609 est.
801 5555 838 5609 At
859 5569 893 5610 ex
913 5556 1036 5614 eonfuea
1089 5569 1153 5621 vui,
1168 5555 1190 5610 t.
1202 5555 1238 5608 22
1252 5558 1279 5611 et
1292 5555 1396 5627 seqq.):
1414 5575 1428 5605 «
1443 5553 1586 5612 Dominus
1610 5553 1742 5609 uendidit
1766 5568 1813 5610 me
1828 5553 1912 5609 initio

213 5653 268 5700 nee
283 5640 418 5701 ordinata
431 5655 530 5700 rerum
545 5637 690 5714 oongerie,
706 5652 771 5712 qus
794 5639 882 5701 chaos
906 5647 1033 5720 voratur,
1091 5643 1208 5703 riarum
1223 5661 1344 5704 suarum
1356 5661 1364 5704 e
1375 5645 1406 5704 in
1416 5661 1505 5720 opera
1515 5647 1646 5704 soaaute
1655 5643 1764 5704 moola
1777 5641 1913 5702 lundarit
