4050 6186
228 303 289 362 ³21
487 295 751 361 submutui
773 289 937 356 OPERUM
960 291 1062 354 slus
1083 289 1108 354 l.
1123 319 1164 336 ·-
1177 285 1315 350 situlus
1335 285 1361 362 l,
1383 285 1669 354 enumeratus.
1857 293 1911 355 328
2007 345 2008 348 ,

227 437 425 502 innocentem,
438 435 467 489 et
480 431 601 504 quidem
623 427 749 486 inritum
769 429 843 502 lani,
857 439 910 484 neo
925 425 962 481 de
976 439 1050 498 pra·
1064 433 1091 500 ,q
1106 420 1214 478 tabella
1228 420 1284 490 (56)
1300 418 1431 476 recitatis
1446 416 1531 474 illum
1546 417 1809 492 christianum,cnr
1820 437 1874 480 non
1885 425 1912 480 et

226 523 314 580 terito
328 538 422 578 reum.
439 519 522 578 Unde
536 519 594 576 iate
613 515 812 591 perversitas?
828 520 860 574 ut
875 513 964 571 etism
980 511 1052 568 illud
1108 507 1312 566 homicidam?
1335 509 1364 564 ei
1378 508 1401 544 ²⁰
1425 505 1572 564 homicide
1593 507 1781 580 Christianus,
1796 526 1844 566 our
1861 529 1911 570 non
2007 511 2008 528 ¹

230 629 288 669 non
304 609 480 682 recogitetis,
496 611 600 680 sponte
615 606 748 662 confesso
764 603 858 676 magis
874 602 1052 659 credendum
1107 597 1260 656 incestus?
1275 596 1319 655 rel
1334 597 1530 670 quodcunque
1545 595 1624 654 eliud
1644 614 1695 654 nos
1709 613 1771 654 osse
1784 600 1912 657 creditist

229 716 305 768 osse,
332 715 422 772 quani
446 697 569 770 pervim
594 695 731 768 negenti3
755 693 800 749 vel
823 709 859 749 no
881 689 1053 764 compulsus
1107 689 1140 744 lii
1164 687 1247 744 nobis
1273 686 1344 745 solis
1372 687 1462 758 pudet
1487 689 1539 743 eut
1564 685 1642 758 pigot
1663 685 1735 758 ipsis
1757 688 1913 746 nominibus

230 806 350 862 negare,
365 805 424 844 non
439 805 473 844 ex
487 787 544 844 side
560 783 674 858 negarit
689 784 743 856 (55)
757 800 764 852 ;
780 786 809 838 et
822 781 975 840 absolutus
998 780 1053 837 ibi·
1107 773 1250 834 seelcrum
1260 773 1539 850 pronuntiare(57)i
1553 774 1911 833 Christianuseitnullius⁷¹

227 881 294 936 dein
318 881 385 951 post
407 875 537 933 tribunal
560 875 597 930 de
616 879 713 930 vestra
736 873 832 929 rideat
854 870 1050 937 emulatione,
1105 864 1239 922 oriminis
1252 880 1320 920 reus
1334 869 1391 933 est,
1411 879 1518 920 nomen
1534 863 1618 921 valde
1632 863 1780 933 infastum,
1796 863 1914 922 sisclius

225 967 334 1023 iteruin
348 965 424 1023 nis
451 962 636 1021 Christianus
651 962 682 1018 ⁶⁶.
707 961 780 1018 uum
796 959 886 1034 igitur
908 957 940 1014 in
954 957 1051 1014 omni·
1105 953 1234 1011 nominis
1249 953 1362 1010 crimen
1376 953 1465 1010 est⁷².

224 1057 282 1112 biis
297 1054 449 1112 nonaliter
460 1051 634 1127 disponatis,
644 1066 732 1124 quain
742 1055 861 1108 ceteros
873 1047 1049 1118 nocentesll,
1423 1075 1539 1134 CAPUT
1560 1076 1609 1133 HL

225 1145 254 1201 id
271 1159 363 1201 unum
390 1143 604 1212 contendendo,
620 1144 653 1196 ut
676 1140 711 1196 de
726 1156 759 1197 eo
781 1139 899 1195 nomine
915 1136 1050 1238 exclude·
1103 1164 1431 1223 ARGUMENTUM-Odu
1453 1179 1547 1222 mm
1569 1165 1720 1220 mmm
1740 1164 1915 1238 mmm

224 1251 293 1290 mur
313 1232 508 1306 (excludimur
531 1231 621 1296 euim,
644 1229 825 1294 alissimus,
851 1244 914 1300 qua
938 1227 1051 1283 laoiuiit
1139 1253 1205 1310 qnos
1218 1239 1418 1308 vituperontco
1433 1235 1916 1319 ipsoeloqiolaudareooqaatnr,ssd

225 1339 283 1379 non
298 1322 478 1394 Christiani),
493 1316 655 1391 intelligere
675 1317 795 1390 potestis
811 1333 869 1374 non
886 1315 983 1372 scelus
998 1314 1050 1370 ali·
1140 1311 1189 1381 qai
1202 1309 1493 1380 tamenntcfferattmt
1503 1309 1916 1381 matintaaorsmsamitianiqns

224 1413 303 1483 quod
326 1411 357 1466 in
382 1427 471 1466 causa
494 1424 569 1478 esse,
593 1409 644 1464 scd
667 1422 786 1474 nomen,
812 1405 891 1476 qaod
916 1405 1049 1478 quadani
1138 1379 1918 1523 &magumiazlaixanfffmwxmnffi

224 1498 423 1555 retinamula
447 1495 625 1570 operationis
648 1495 827 1594 insequitur,
843 1494 895 1550 liou
919 1493 1048 1565 primum
1138 1525 1253 1581 comm
1279 1525 1367 1590 rim·
1391 1525 1509 1595 inquiri,
1531 1526 1562 1579 in
1590 1522 1673 1589 mad,
1695 1524 1771 1595 qm
1792 1539 1917 1594 nmquam

224 1587 357 1662 agenni,
375 1591 407 1644 ut
431 1586 566 1644 homines
588 1583 683 1642 nolint
698 1599 773 1640 seire
796 1588 953 1656 procantu,
970 1581 1048 1654 quod
1137 1595 1337 1678 mmmm,
1366 1595 1410 1650 ω(
1428 1594 1618 1679 perperam&
1633 1594 1693 1650 iq„
1703 1595 1915 1666 promptum,

222 1693 254 1734 se
279 1675 389 1733 nescire
416 1691 467 1747 pro
494 1678 571 1731 certo
592 1673 700 1730 sciunt.
725 1672 792 1729 Ideo
816 1676 845 1728 et
867 1670 991 1727 credunt
1013 1671 1048 1727 de
1138 1667 1259 1724 amabile
1275 1667 1340 1739 qaid
1362 1671 1532 1732 continebat
1551 1667 1580 1722 sd
1601 1680 1747 1722 commane
1770 1665 1846 1722 babet
1859 1681 1917 1723 can

222 1765 308 1822 nobis
333 1761 410 1837 qua'
423 1780 482 1821 nou
507 1763 679 1835 probantur,
695 1765 723 1817 et
747 1759 852 1817 nolunt
874 1758 994 1832 inquiri,
1012 1775 1047 1816 ne
1138 1739 1254 1810 'iiiiii‘
1272 1740 1362 1804 send,
1378 1738 1451 1810 i¹⁸⁰d
1473 1753 1572 1795 mmm
1585 1736 1618 1793 “b
1642 1739 1916 1806 ¹¹⁰01⁰r⁶m¹⁴l¹lffl¹⁴b

223 1854 385 1928 probentur
409 1867 468 1909 non
494 1866 568 1920 esse,
594 1865 660 1923 quae
684 1848 799 1906 malunt
822 1847 901 1905 aredi
925 1864 999 1920 esse,
1015 1851 1048 1903 ut
1136 1825 1199 1938 ξπ
1211 1813 1467 1953 tpfmuww
1480 1809 1918 1954 ἑῖενᾜᾶαξάζῗρίὸοέἕᾚ

221 1958 328 1999 nomen
355 1939 435 1997 illiue
458 1939 570 1996 amula
593 1937 716 1995 rationis
737 1938 760 1974 ⁸⁹
784 1937 949 2007 inimicum,
974 1952 1046 2009 psa·
1135 1957 1161 2010 ι)
1174 1952 1264 2036 qum
1286 1967 1387 2010 „om
1409 1952 1500 2036 Propi,
1518 1954 1601 2025 jusu,
1617 1921 1650 2009 οὲ
1675 1953 1799 2009 mgni,
1821 1922 1918 2008 imm}

220 2031 362 2104 sumptis,
379 2045 436 2085 non
452 2027 583 2102 probatis
593 2026 778 2099 criminibus,
789 2028 826 2082 ds
839 2041 895 2083 sua
910 2024 1048 2083 eolaaon·
1134 2025 1239 2096 odiam,
1255 2025 1389 2092 inauditi,
1406 2024 1543 2097 tneoqniti
1555 2023 1788 2082 condemnantur.

221 2119 350 2177 lessione
364 2121 530 2174 damnetur.
552 2117 619 2174 Ideo
633 2121 806 2188 torquemur
819 2113 1002 2183 condientes,
1018 2117 1048 2170 et
1137 2112 1214 2170 28⁰
1229 2113 1328 2179 Quid?
1351 2113 1430 2185 quod
1452 2112 1493 2168 ite
1508 2111 1642 2186 plerique
1667 2111 1780 2170 clausis
1795 2109 1882 2169 oculis
1895 2111 1922 2166 in

220 2207 362 2280 punimur
385 2209 616 2280 perseverantes,
643 2208 671 2261 st
695 2200 875 2260 absolvimur
890 2202 966 2259 270
992 2218 1045 2259 ne·
1100 2201 1202 2257 odium
1217 2202 1282 2273 ejus
1303 2199 1482 2274 impingunt,
1500 2205 1533 2258 ut
1557 2199 1670 2258 bonum
1695 2199 1923 2258 aliouitestimu·

218 2299 333 2370 gentes,
349 2295 420 2370 quis
433 2293 563 2353 nominis
572 2292 707 2368 pralium
721 2295 776 2350 cst.
785 2291 917 2365 Denique
928 2291 999 2364 quid
1010 2291 1046 2348 de
1100 2290 1184 2349 nium
1213 2292 1338 2350 torenton
1367 2291 1549 2350 admisceant
1573 2291 1708 2350 nominis
1732 2291 1923 2366 exprobratio·

932 2460 1033 2524 Variae
1054 2459 1216 2524 lectiones.

254 2609 276 2645 ⁸⁸
290 2607 370 2666 dlii:
385 2606 461 2664 inter
475 2605 665 2663 Christianos.
702 2606 725 2642 ⁸⁷
740 2604 847 2662 Seintsr
860 2603 968 2676 aliique
982 2620 992 2659 :
1007 2603 1037 2660 in
1054 2618 1108 2662 noe
1124 2603 1209 2662 aliter
1223 2602 1381 2676 disponitis
1401 2603 1499 2677 (liban
1516 2603 1709 2678 disponatis),
1725 2619 1814 2678 qaam
1828 2604 1858 2661 in
1869 2603 1925 2661 col.
2007 2669 2008 2678 ἶ

219 2679 271 2736 Sed
294 2678 394 2737 tuenda
417 2681 457 2735 eet
477 2680 615 2751 scriptam
638 2677 700 2734 cod.
716 2677 797 2733 Fatd.
823 2677 989 2748 Respondet
1010 2675 1089 2732 enim
1114 2692 1175 2733 voc.
1213 2677 1236 2713 ⁸⁸
1252 2681 1379 2748 Agentes
1403 2679 1496 2734 Paria.
1533 2677 1556 2712 ⁸⁸
1576 2676 1791 2734 AEmulationia
1815 2678 1925 2748 Franeq.

218 2753 240 2794 ⁷⁰
256 2752 289 2808 lit
303 2751 384 2808 addit
402 2752 532 2808 Woniasr.
570 2750 591 2786 ⁷¹
606 2749 850 2821 Nomi-disponere
862 2750 911 2805 Gr.
937 2743 1110 2802 διατίθεσθαι.
1137 2764 1173 2804 ne
1187 2747 1267 2804 addit
1289 2750 1381 2806 Patria
1406 2764 1512 2804 nomen
1528 2750 1574 2806 est
1588 2750 1651 2822 Rip.
1691 2749 1715 2786 ⁷¹
1731 2753 1799 2806 Hac
1816 2752 1856 2805 cst
1869 2749 1926 2804 icat.

219 2824 316 2893 aalq.‚·
332 2825 415 2880 lilicn.
432 2821 456 2878 si
471 2820 584 2878 nullius
599 2821 732 2878 criminis
747 2820 865 2876 nomine
879 2836 947 2876 rous
962 2825 1016 2888 est,
1032 2817 1116 2876 valde
1131 2819 1283 2886 infestum,
1299 2823 1354 2876 eto.
1373 2819 1436 2876 Cod.
1451 2819 1530 2876 Fald.
1545 2819 1609 2878 Cir.
1627 2821 1654 2878 si
1670 2819 1786 2878 nullius
1801 2819 1927 2876 oriminis

220 2911 325 2952 nomen
340 2900 394 2962 eat,
407 2893 491 2950 valde
505 2894 658 2966 ineptum;
674 2891 749 2951 codd.
766 2894 829 2948 Pat.
845 2898 871 2947 et
886 2893 969 2964 Bana.
982 2891 1138 2961 incestum,
1147 2891 1224 2948 codd.
1239 2889 1377 2962 Apobardi
1390 2894 1417 2947 ct
1430 2891 1518 2962 dnpd.
1531 2891 1666 2963 ineptum
1678 2892 1826 2964 incestus)
1842 2892 1866 2950 si
1876 2890 1927 2947 sol.

219 2983 300 3026 nom.
317 2967 428 3023 crimen
453 2971 507 3022 est.
532 2966 639 3038 Recepit
660 2963 731 3020 banc
758 2964 817 3020 tect.
843 2964 955 3021 Habere.
980 2963 1087 3021 additia
1100 2965 1133 3020 in
1156 2964 1211 3035 tine
1224 2963 1315 3020 verbis
1329 2981 1339 3019 .·
1354 2962 1438 3020 valde
1462 2963 1614 3032 infestum,
1629 2981 1753 3039 comque
1772 2967 1879 3022 anain
1891 2965 1927 3020 est

219 3040 274 3096 loa.
290 3044 350 3110 lan.
365 3039 463 3096 liittcr.

942 3175 1205 3240 Commentarius.

216 3305 365 3365 consuluit
389 3306 561 3375 Scriverius,
577 3323 635 3364 noii
659 3306 745 3364 mele.
768 3305 882 3376 Festus,
902 3308 1039 3364 Praevari-
1055 3309 1078 3380 c
1096 3303 1211 3363 meliori
1226 3306 1323 3362 mente
1337 3304 1376 3361 lta
1388 3303 1456 3363 ldol.
1467 3319 1532 3378 oap.
1545 3305 1599 3362 1³:
1616 3328 1631 3358 a
1648 3307 1712 3366 Ciir
1727 3307 1809 3366 enini
1821 3308 1928 3364 lamas:
2007 3369 2008 3376 χ

215 3385 320 3436 adarca
335 3397 355 3437 a
370 3380 633 3453 pretergrediendo
657 3387 722 3434 sant
742 3381 841 3436 uocati.
857 3378 958 3451 ltaque
972 3395 1042 3451 pra·
1097 3394 1164 3435 oum
1179 3376 1346 3450 ignorantia
1361 3375 1481 3432 sltcii'us
1495 3383 1579 3434 tuam
1598 3380 1821 3438 conscientiam
1836 3383 1932 3437 nonm-

215 3453 339 3508 varicari
358 3449 432 3523 lapse
453 3457 498 3509 est
512 3451 709 3523 pretergredi.
736 3451 880 3506 asconius
895 3451 1040 3508 Pedianus
1095 3449 1201 3506 mines.
1216 3448 1277 3504 Nou
1299 3449 1324 3505 si
1340 3448 1485 3576 iquoraris
1511 3449 1588 3520 quod
1605 3451 1647 3508 sis
1676 3452 1867 3509 Christianus
1882 3451 1931 3524 (ita

216 3523 246 3579 in
275 3522 385 3594 libello,
414 3523 464 3595 qui
493 3527 538 3579 est
563 3523 637 3578 inter
665 3527 776 3578 veteres
803 3522 1038 3579 Grammaticos:
1095 3521 1201 3590 sariba)
1220 3521 1344 3578 tentaris
1394 3519 1548 3576 litoontrs
1574 3524 1798 3582 conscientiam
1814 3523 1930 3580 alteriue
2007 3521 2008 3532 ¹

218 3593 393 3666 aliejioiens
418 3593 511 3651 malos
534 3597 563 3649 et
579 3593 709 3650 retinens
736 3593 838 3662 bonos,
854 3609 941 3651 verus
956 3611 1040 3651 acou·
1095 3593 1169 3666 agio,
1195 3597 1337 3675 tauquam
1363 3607 1422 3647 nou
1446 3591 1662 3651 Christianus?
1688 3597 1853 3654 Enimvero
1879 3595 1932 3654 etei

217 3669 299 3723 sator
327 3665 511 3739 intelligitur.
536 3667 589 3732 Qui
614 3681 680 3721 roro
709 3669 811 3721 contra
834 3665 913 3734 iacit,
943 3671 976 3722 ut
1002 3666 1042 3723 ait
1094 3664 1291 3732 simulaveris,
1307 3667 1437 3720 tentatus
1452 3663 1588 3720 addictus
1603 3681 1644 3722 es.
1666 3691 1677 3715 ι
1697 3667 1772 3726 Hiv.

215 3737 426 3820 impedimento
450 3737 572 3802 ostede,
597 3742 722 3809 astuque
736 3742 812 3809 egat,
827 3737 864 3794 de
887 3737 942 3793 lino
955 3736 1041 3794 intel·
1129 3737 1264 3794 Notanda
1285 3736 1369 3792 unice
1393 3733 1485 3806 hujus
1509 3735 1562 3792 iiii
1578 3737 1769 3810 proprietas3
1795 3743 1842 3796 est
1855 3736 1930 3795 enini

212 3807 327 3881 ligitur,
343 3810 421 3880 quod
438 3809 649 3882 prevaricator.
667 3830 682 3858 u
697 3811 765 3872 Qua
779 3825 902 3865 sensum
917 3808 1039 3865 Tertull.
1095 3807 1215 3881 injure,
1231 3824 1286 3864 non
1301 3807 1499 3879 epimedion
1511 3807 1651 3879 quiddam
1664 3809 1748 3868 inter
1762 3813 1931 3884 negantem,

212 3881 323 3954 optime
338 3881 499 3937 illustrant.
522 3879 576 3936 Pro
590 3883 632 3935 vis
647 3895 711 3951 erqo
726 3879 793 3936 Cod.
818 3879 900 3936 Fuld.
918 3896 985 3938 mox
1000 3881 1041 3938 uie
1095 3885 1123 3937 st
1139 3897 1204 3937 vere
1219 3880 1428 3936 affirmantem.
1453 3879 1521 3935 ldeo
1536 3878 1618 3937 illam
1641 3883 1740 3941 tradit
1753 3882 1930 3950 Christiano,

213 3961 242 4010 at
255 3961 341 4021 naqet.
359 3952 465 4008 tierrici
482 3950 571 4008 editio
587 3951 664 4007 delst
674 3951 745 4022 jam.
765 3952 833 4007 llio.
1095 3969 1153 4008 non
1169 3969 1204 4008 iis
1226 3949 1288 4008 anti
1303 3950 1461 4006 exanimo.
1479 3951 1545 4006 Lac.

249 4024 306 4095 (55)
320 4023 379 4080 lion
393 4041 430 4081 ac
447 4024 500 4095 fida
514 4024 634 4092 neqorit.
659 4021 744 4078 baleo
769 4021 920 4080 simulavit
935 4038 966 4079 ee
982 4039 1040 4080 non
1131 4021 1187 4096 (56)
1202 3967 1272 4092 διὰ(
1283 4021 1316 4079 dc
1329 4022 1444 4078 tabella.
1456 4020 1544 4090 Olim,
1556 4020 1656 4094 inquit
1671 4023 1855 4094 Rhenanus,
1869 4041 1932 4082 een·

214 4093 629 4168 Christianum,supplicando
644 4093 795 4166 diis,quoe
810 4094 1039 4167 cordeabncget.
1095 4094 1186 4150 tentis
1207 4093 1471 4151 animadversionis
1496 4093 1630 4166 ospitalis
1646 4095 1684 4152 de
1701 4097 1816 4155 tabella
1831 4097 1930 4154 recita·

215 4167 360 4236 Traianus
383 4167 544 4252 imperator
566 4167 604 4249 ad
627 4164 763 4249 Plinium·
781 4165 866 4239 epist.
890 4165 926 4221 98
943 4183 982 4250 ².“
998 4167 1041 4222 lte
1095 4167 1191 4250 batur.
1216 4169 1278 4233 Ouo
1302 4166 1494 4250 confirmatur
1515 4182 1549 4222 ex
1569 4164 1637 4223 Vita
1658 4171 1694 4225 D.
1717 4169 1862 4244 Cypriani
1885 4185 1935 4243 per

214 4241 324 4306 tamen,
340 4243 373 4294 ut
385 4255 435 4312 qui
452 4241 598 4312 negaverit
613 4252 643 4292 se
658 4235 856 4294 Ghnstianum
868 4252 941 4304 essa,
951 4239 1040 4309 idque
1095 4237 1232 4294 Pontium
1244 4243 1274 4294 et
1286 4237 1412 4293 Paulam
1430 4239 1600 4294 Diaconum.
1617 4241 1689 4296 Piis.

214 4310 312 4381 reipsa
326 4312 516 4368 manifestum
533 4307 644 4375 lecerit,
657 4308 687 4363 ld
706 4313 753 4365 ost
767 4307 960 4381 supplicando
982 4310 1040 4366 diis
1129 4309 1186 4383 (57)
1200 4311 1270 4381 lpsia
1283 4309 1441 4366 nominibus
1464 4309 1609 4366 scabram.
1634 4310 1752 4382 Cicero,
1769 4313 1805 4370 de
1819 4311 1934 4384 Lenibus

213 4382 334 4464 nostris,
350 4382 494 4464 quamvis·
508 4388 665 4465 suspectus
687 4378 717 4435 iii
743 4380 921 4452 preteritum
942 4382 1040 4464 luerit,
1094 4395 1116 4436 ii
1132 4397 1139 4436 :
1155 4382 1256 4452 lenam
1275 4381 1427 4464 tapsenses
1440 4396 1601 4507 ssrofonam'
1616 4384 1688 4438 tium
1704 4389 1814 4470 autam
1831 4383 1933 4466 reliqui

212 4467 329 4580 iiiiii
344 4451 1040 4597 ii}ciiiiliiii⁸niii⁰i⁸itddidimi?
1093 4459 1342 4596 inmittite
1357 4455 1439 4579 tib
1453 4451 1936 4584 tltitiittt¹⁰tt⁰tt⁵⁸tt

214 4596 339 4676 suadere
361 4595 457 4652 conati
481 4600 561 4663 sunt,
585 4599 618 4649 ut
642 4592 731 4650 letius
753 4596 915 4679 apparebit,
936 4541 992 4653 seiiJ
1011 4601 1040 4652 ct
1093 4599 1122 4678 st
1136 4567 1260 4652 is⁹torum
1275 4599 1305 4652 et
1319 4565 1450 4678 omnium
1465 4569 1706 4678 criminumreoss
1723 4545 1936 4668 anianiqmu

212 4671 332 4722 inventa
346 4671 392 4724 est
408 4683 541 4734 pervorsa
555 4665 733 4722 essenorum
750 4665 880 4733 harenis,
896 4681 985 4740 quam
1001 4668 1038 4723 ob
1093 4670 1150 4723 isto
1165 4672 1281 4724 tantuin
1307 4681 1436 4732 nomine,
1452 4663 1531 4722 nullo
1546 4667 1645 4724 addito
1661 4669 1811 4742 crimine,
1830 4686 1934 4744 propo·

213 4737 268 4792 hoc
292 4739 401 4830 crimen
427 4739 456 4793 iii
477 4740 529 4810 jus
552 4741 635 4793 vocat
655 4737 839 4828 lipiphanius
862 4738 914 4795 lib.
938 4757 957 4806 i,
982 4738 1039 4822 liae-
1054 4763 1077 4830 D
1093 4739 1227 4795 nuntur?
1241 4737 1520 4822 hincistudnomen
1535 4741 1751 4822 utpecnliaris
1765 4743 1938 4828 illiuslitu-

212 4824 270 4864 res.
297 4812 340 4878 19,
373 4808 525 4882 Υποκριτας
550 4806 579 4864 ii
602 4804 735 4878 διδασκει,
757 4815 813 4867 ota.
838 4832 852 4862 a
868 4811 1039 4883 Hypocritas
1092 4809 1139 4866 las
1161 4828 1242 4868 noxus
1266 4815 1436 4867 ooourritin
1451 4809 1681 4891 ¹elegantissimo
1706 4819 1860 4874 Auctoris
1876 4816 1937 4872 loeo

211 4883 419 4950 autemdoost,
445 4881 546 4940 dicens
572 4898 631 4939 non
654 4895 719 4938 esee
744 4886 906 4953 peccatum,
922 4882 1038 4940 etiamsi
1093 4899 1119 4938 o.
1136 4881 1171 4938 lb
1194 4900 1201 4939 :
1228 4904 1243 4934 ι
1267 4883 1382 4940 Vestrae
1410 4897 1489 4938 euim
1514 4888 1720 4941 contestamur
1751 4894 1858 4956 aetus,
1887 4885 1937 4959 qui

211 4952 370 5038 simulacre}
392 4955 473 5026 ipsos
497 4954 618 5038 adorare
641 4955 802 5038 contingat,
823 4955 1036 5039 persecutionis
1090 4953 1401 5082 quotidiefudicandie
1423 4951 1566 5054 custodiis
1590 4957 1778 5042 prandetis,
1797 4960 1854 5034 qui
1870 4977 1939 5016 sen-

210 5026 342 5096 tempore
357 5031 496 5091 instante,
512 5042 536 5082 si
552 5024 688 5082 solumin
703 5030 883 5110 eonsoisntin
898 5041 955 5083 non
969 5028 1036 5083 ado·
1090 5030 1191 5109 tentiis
1213 5043 1309 5109 ongis
1332 5027 1513 5152 dispungitis
1535 5067 1541 5082 .
1562 5029 1607 5082 tot
1631 5045 1648 5084 a
1670 5029 1777 5115 vobis.
1794 5037 1939 5115 nocentes

210 5101 275 5178 rent
290 5113 297 5152 :
314 5102 344 5154 et
358 5114 384 5154 si
399 5103 515 5156 tantuin
530 5097 723 5154 conliteantur
738 5115 768 5154 in
790 5114 849 5170 ors,
866 5115 924 5154 iiou
937 5103 1036 5154 autem
1089 5113 1178 5155 variis
1194 5114 1351 5160 eriminum
1366 5114 1382 5154 e
1395 5112 1469 5178 ogiis
1496 5104 1696 5180 recensentur.
1714 5105 1798 5167 Quis
1814 5103 1882 5162 illia
1898 5119 1939 5160 si·

211 5181 240 5222 in
269 5170 367 5226 corde.
392 5191 407 5221 n
436 5169 515 5228 Talia
542 5167 719 5242 Hippolytus
745 5171 824 5243 apud
853 5170 1035 5245 Euripidem,
1089 5169 1200 5226 oariist
1223 5169 1290 5242 quis
1314 5166 1653 5241 manticulierius‘tquis
1677 5175 1797 5232 saorile
1822 5193 1873 5242 us,
1891 5178 1943 5232 aut

212 5239 299 5312 cujus
314 5243 493 5300 eiaeoranda
505 5257 560 5298 vox
576 5258 582 5296 :
1090 5245 1242 5325 corruptor
1256 5237 1476 5322 autlavsiitiam
1493 5239 1615 5312 predo?
1630 5243 1695 5312 quis
1711 5261 1752 5302 ex
1768 5191 1837 5304 ilfi·
1849 5249 1941 5304 etiam

304 5363 311 5383 ,
389 5367 403 5381 ,
445 5365 452 5387 ‚
516 5363 522 5384 ,
589 5367 596 5388 ‚
831 5363 837 5383 ,
1090 5312 1274 5370 Christianus
1298 5309 1498 5368 adscribitur?
1523 5315 1574 5367 siit
1595 5330 1663 5370 cum
1687 5315 1872 5376 Christiani
1890 5335 1945 5376 eno

311 5361 444 5440 5th
465 5363 606 5438 tpepoq,
622 5363 639 5431 ἦ
656 5357 685 5416 δὲ
700 5361 770 5439 ‘iiii
786 5361 941 5436 &wilmi-
1089 5383 1174 5441 titulo
1198 5383 1371 5446 offeruntur,
1397 5381 1463 5454 quis
1479 5397 1513 5437 ex
1535 5381 1595 5439 illis
1618 5383 1706 5442 stiam
1737 5387 1819 5448 talis
1837 5392 1945 5466 quales

209 5488 287 5559 tund
304 5491 390 5545 vertit
403 5488 522 5546 Grotius
537 5487 567 5542 iii
582 5485 715 5558 uicerat.
729 5503 757 5557 1)-
771 5487 835 5542 tlt.
1090 5455 1312 5598 ffgnfflffit?
1322 5455 1945 5592 {ffltesrffggffirffffiffmvgffie3⁰3⁸·

316 5613 410 5665 iurata
423 5611 516 5676 linqua
530 5613 578 5672 eet,
594 5612 686 5661 mente
695 5609 784 5674 jurari
797 5612 874 5664 nihii.
1089 5598 1171 5654 rute.
1189 5604 1217 5684 et
1231 5597 1348 5686 bereld.
1365 5568 1526 5684 punctim..
1542 5545 1947 5690 Ηιιιιιιιῗιιιιι.ιιιοιιιιιιῖιξζι(Ι

210 5737 265 5794 sed
281 5735 450 5812 improbum
464 5733 520 5796 lion
538 5731 707 5794 eonsilium.
732 5735 806 5796 Vere
819 5737 941 5798 Tertull.
957 5745 987 5802 et
1001 5758 1036 5802 eii
1090 5672 1828 5819 qoorsiigsriigeiffiigoqqqn&lepusqgssporeotuffivqensi,
1852 5693 1949 5755 qum
