4102 6178
551 327 816 392 ruununnntttt
836 325 998 391 OPERUM
1019 327 1121 392 PARS
1141 328 1365 394 t.·-sttuttns
1387 331 1412 404 l,
1433 323 1712 410 APOLOGETIGA.

1886 325 1936 388 tlte

279 465 365 522 nione
388 461 498 520 certius
528 460 651 535 proferri
671 459 772 532 possit,
801 458 951 534 explorare
978 459 1102 517 tentabi-
1115 463 1144 532 Α
1159 464 1276 518 inerant
1290 460 1413 528 edendo,
1430 464 1459 517 et
1483 456 1624 526 bibendo,
1638 459 1668 512 at
1681 455 1763 528 pedes
1772 453 1871 511 lauaem
1884 472 1938 528 por-

1157 549 1296 624 rigando:
1317 551 1478 607 humanam
1498 548 1577 606 enim
1595 546 1748 604 induerant
1773 543 1939 616 superficiem,

313 641 445 696 Primum
461 640 562 711 itaqua
584 638 793 694 advertendum
823 641 868 693 ast
885 637 1031 709 quomodo
1053 635 1103 694 ille
1156 639 1324 696 salvaintus
1338 636 1513 708 ssanbatantia
1528 657 1542 688 n
1566 636 1670 709 (Idam,
1697 635 1730 691 de
1753 635 1853 691 suun.
1877 647 1939 688 aare.

278 731 421 790 adversus
436 727 598 794 haereticos,
608 727 658 798 qui
673 729 857 799 assumptum
872 745 889 782 a
911 725 1025 784 Gbristo
1051 743 1101 785 va-

1155 747 1220 804 oap,
1235 731 1292 804 62).
1309 731 1446 795 Quanam
1458 739 1554 785 antam
1568 727 1655 784 suerit
1670 723 1719 783 illa
1744 723 1851 796 propria
1871 739 1941 797 ange·

279 835 345 875 rum
362 833 468 890 eorpus
487 816 643 887 negabant,
660 815 788 888 disputat
802 832 962 888 eorumque
990 816 1102 874 refellat
1154 819 1251 878 lorum
1267 820 1436 878 substantia
1449 823 1478 874 et
1503 822 1619 886 natura,
1648 815 1703 872 sub
1721 813 1841 868 humano
1864 811 1941 884 alliga

195 931 201 942 ·
279 922 419 964 errorem.
435 902 729 961 Haretioinutemilli
752 902 883 976 exemplo
909 904 1099 978 Angelorum,

279 996 329 1068 qui
343 994 425 1064 olim,
442 1010 529 1049 earne
547 992 679 1048 bumana
690 992 799 1060 vestiti,
822 991 995 1064 patriarchis
1010 1010 1099 1065 appa·

278 1081 373 1140 ruisse
384 1079 581 1154 perhibentur,
596 1079 760 1136 inserebant
772 1095 822 1136 neo
837 1095 946 1150 veram,
967 1097 1019 1138 nae
1048 1098 1098 1139 na-

277 1175 339 1227 tam
356 1169 448 1226 inisse
460 1168 567 1224 Christi
578 1185 705 1224 earnem.
722 1167 966 1225 At'l'ertullianus
980 1171 1097 1243 angelo-

279 1277 356 1331 rum,
373 1275 431 1314 non
447 1275 515 1316 vero
530 1256 637 1313 Christi
652 1273 768 1314 earnem
789 1263 888 1314 natam
899 1274 964 1315 ease
979 1262 1098 1315 eonten-

279 1349 340 1418 dlt;
357 1346 426 1420 quia
438 1363 496 1404 non
508 1346 549 1412 bi,
565 1346 615 1403 sed
631 1345 766 1403 Christus
783 1350 870 1403 natus
898 1352 954 1418 ast,
975 1350 1008 1403 ut
1032 1365 1098 1404 oru-

1155 909 1340 977 demasonus,
1356 910 1479 984 ipeemet
1493 908 1601 964 ibidem
1612 905 1655 962 aio
1678 902 1811 976 explieat:
1837 923 1850 952 ιι
1860 899 1940 973 augeli

1155 999 1233 1070 laeti,
1248 1003 1390 1071 tanquam
1401 998 1546 1067 homines,
1560 996 1590 1054 in
1606 995 1707 1052 eadem
1723 990 1875 1048 substantia
1894 989 1941 1060 spi-

1154 1087 1386 1146 ritusoarnalem
1397 1088 1601 1145 tractationem
1616 1082 1815 1154 suseaperunt,
1831 1100 1840 1128 ι
1867 1077 1942 1148 (ttid.)

1152 1178 1188 1232 At
1203 1177 1311 1250 quibus
1341 1177 1446 1233 amabo
1470 1180 1509 1247 te,
1525 1171 1699 1231 etertorinus
1725 1167 1817 1224 verbis
1842 1165 1942 1236 exprimi

1153 1271 1268 1341 poterat
1281 1264 1402 1340 angelos
1420 1281 1486 1322 vere
1507 1278 1572 1320 ease
1595 1259 1728 1334 spiritua,
1755 1259 1783 1312 et
1808 1252 1942 1327 spiritaiem

1153 1371 1255 1412 eorum
1286 1360 1421 1413 naturam
1451 1350 1524 1409 nibil
1554 1364 1675 1424 prorsus
1703 1344 1847 1402 admittere
1872 1340 1944 1396 ullius

280 1436 456 1510 alligaretur,
469 1453 501 1492 ac
520 1439 697 1492 moraretur:
716 1455 727 1484 ι
752 1434 823 1492 Nam
850 1440 976 1502 constat,
1001 1436 1099 1509 lnquit
1153 1446 1292 1513 materia,
1308 1449 1337 1500 et
1353 1441 1509 1517 eorporis?

279 1525 399 1600 angelos
425 1541 541 1582 earnem
569 1540 627 1581 non
656 1524 803 1596 propriam
832 1529 971 1598 gestasse,
998 1529 1099 1598 utpote
1188 1534 1255 1599 Qua
1271 1549 1356 1606 porro
1381 1532 1523 1588 haetenus
1552 1525 1718 1589 retulimus,
1746 1520 1806 1576 hae
1823 1517 1854 1574 ad
1886 1531 1944 1580 sant,

280 1621 402 1673 naturae
417 1613 463 1686 (al.
480 1617 597 1682 παίωνα)
608 1613 778 1669 substantia
794 1613 936 1688 spiritalis
957 1614 1011 1670 etsi
1035 1631 1097 1670 eor·
1153 1639 1211 1696 qun
1225 1639 1327 1679 omnes
1339 1621 1435 1696 angeli
1450 1620 1539 1677 oranti
1563 1621 1642 1682 sunt,
1672 1616 1805 1668 naturam
1826 1607 1944 1678 spactant,

278 1703 357 1778 poris
368 1702 505 1776 alicujus,
521 1701 567 1758 sui
582 1705 679 1758 tamen
696 1701 830 1776 generis:
847 1703 876 1757 in
899 1717 1014 1759 carnem
1044 1719 1098 1759 au·
1153 1727 1241 1784 quarn
1255 1710 1304 1766 itte
1319 1711 1392 1767 eatis
1406 1711 1505 1782 aparte
1520 1705 1626 1764 asserit
1640 1717 1705 1760 asso
1719 1694 1880 1772 spiritalem,
1900 1691 1944 1746 nisi

276 1796 336 1851 tam
352 1789 607 1864 transfigurabiles
621 1791 657 1847 ad
672 1795 799 1863 tempus,
809 1795 841 1848 ut
856 1791 947 1847 videri
973 1796 1003 1848 at
1029 1808 1098 1848 oon·
1151 1797 1228 1856 hone
1242 1799 1418 1856 seutentiam
1434 1797 1470 1854 iia
1485 1812 1551 1869 quaa
1565 1791 1710 1866 depravis
1728 1783 1835 1858 nugalia
1859 1779 1943 1837 atda-

277 1880 360 1954 gradi
370 1896 436 1936 oum
452 1879 622 1936 bominibus
636 1884 766 1951 possent.
781 1901 795 1932 u
808 1879 941 1951 t'l'artull.
952 1880 989 1937 de
1015 1881 1097 1937 Cam.
1151 1889 1290 1946 monibus
1305 1887 1444 1962 prodidit,
1460 1891 1602 1958 tanquam
1617 1886 1683 1938 ntra
1698 1868 1944 1952 quedsmeatiptnu

279 1969 455 2042 dhrimoap.
471 1967 638 2040 d).Fatetur
664 1983 732 2039 argo
761 1966 816 2024 bos
835 1968 953 2042 angelos
977 1986 1096 2026 assum·
1153 1975 1542 2034 etdensistenebrisoffusa
1569 1966 1795 2028 (phesur-avium.
1821 1959 1887 2016 llam
1906 1969 1943 2010 eoa

277 2057 418 2130 paiasaad
432 2061 549 2130 tompus
561 2056 722 2113 humanam
739 2071 867 2126 oaruam,
883 2073 946 2129 qua
977 2057 1096 2131 quidem
1151 2081 1253 2122 omues
1268 2082 1326 2122 non
1336 2082 1422 2124 senua
1436 2080 1470 2122 ae
1484 2063 1577 2120 bonos
1591 2057 1713 2132 angelos
1726 2058 1806 2112 vooat
1832 2045 1941 2122 spiritus.

277 2145 420 2218 etsivera,
436 2163 493 2202 non
523 2144 640 2218 propria
667 2150 765 2202 tamen
785 2149 848 2203 erat
871 2145 989 2204 illorum
1017 2165 1096 2220 earo,
1150 2153 1249 2226 Neque
1262 2153 1291 2210 id
1306 2153 1428 2226 probatu
1439 2148 1568 2209 diiflnile.
1592 2148 1657 2205 iam
1676 2144 1757 2202 onim
1784 2135 1943 2197 observatum

277 2243 567 2318 quisuttipsabaud
584 2242 753 2300 dubitanter
777 2243 914 2310 altirmat,
953 2245 1096 2318 spiritalia
1151 2249 1196 2300 ast
1209 2241 1391 2298 deornnibus
1403 2239 1563 2314 generatim
1583 2239 1645 2292 tam
1669 2229 1767 2298 bonis,
1795 2237 1876 2298 qoam
1899 2231 1944 2276 ut·

277 2338 324 2391 est
335 2348 436 2390 eornm
452 2331 627 2392 substantia.
643 2332 752 2390 Varum
767 2331 960 2408 quoniomval
975 2333 1038 2406 ipse
1052 2335 1096 2392 vel
1152 2331 1188 2388 lis
1202 2329 1314 2405 angelis
1329 2331 1370 2388 ab
1378 2328 1427 2387 illo
1441 2329 1582 2399 seriptum
1596 2341 1602 2380 :
1630 2345 1644 2373 ιι
1654 2319 1786 2378 Dioimus
1812 2327 1871 2372 essa
1894 2306 1944 2364 snb

279 2421 328 2479 alii
356 2422 485 2480 dubitari
515 2438 601 2496 posse
625 2421 822 2494 opinabantur
847 2428 947 2479 utrum
973 2423 1096 2495 aliquid,
1152 2420 1276 2477 stantiae
1291 2420 1435 2490 quasdam
1451 2397 1945 2494 spiritalesnPosteavaroetadbnt

278 2511 677 2584 utsuperiusadnotavimus
705 2511 807 2585 (supra
833 2527 896 2584 oap.
925 2512 953 2580 7,
981 2516 1035 2569 art.
1057 2513 1097 2586 3),
1151 2507 1481 2583 expressiue:·0uruts
1498 2504 1619 2579 spiritus
1643 2499 1717 2570 ales,
1746 2497 1800 2552 boc
1826 2497 1853 2548 at
1872 2483 1947 2557 angult

277 2605 357 2670 esset
371 2600 499 2657 medinm
515 2601 590 2656 inter
605 2617 711 2672 eorpus
725 2604 752 2655 et
780 2598 864 2667 nibil,
892 2599 962 2656 bino
984 2600 1033 2657 ille
1060 2617 1098 2658 ne
1152 2606 1181 2656 et
1194 2594 1635 2668 daemones-(idamdpolopel.
1659 2605 1726 2662 oap·
1740 2587 1786 2653 22.
1806 2597 1866 2655 Ρῑῧ·
1889 2573 1947 2675 mi·
2014 2601 2015 2658 ι

278 2689 372 2746 ullum
388 2689 542 2746 cavillandi
559 2687 656 2745 looum
673 2689 822 2762 probaret,
838 2688 879 2745 ibi
902 2689 1019 2762 adJeeit,
1046 2691 1099 2747 etsi
1152 2695 1266 2749 Rursus
1281 2695 1377 2748 autam
1392 2705 1399 2746 ι
1412 2711 1426 2740 ιι
1455 2685 1557 2759 angoti
1581 2688 1610 2740 ot
1631 2682 1782 2737 demones
1808 2669 1948 2731 subrupto

277 2777 838 2850 eorporisalicujur,suitamenpeneris,
860 2777 982 2850 parinda
1010 2795 1044 2834 ae
1072 2779 1098 2835 si
1152 2779 1274 2852 pessimi
1288 2777 1436 2851 spiritus»
1450 2776 1610 2848 (ibideap.
1639 2769 1689 2826 39.
1714 2782 1740 2822 n.
1769 2761 1839 2833 tos).
1863 2761 1947 2812 Pravo-

277 2867 417 2923 dixisset:
446 2866 473 2922 Si
503 2866 570 2940 quis
598 2865 776 2939 pertinanius
802 2867 958 2924 contendat
980 2883 1097 2924 omnem
1152 2887 1218 2926 rum
1234 2884 1353 2942 quoque
1366 2866 1537 2940 angelorum
1552 2861 1702 2935 princeps,
1720 2855 1821 2926 dequo
1836 2849 1864 2906 in
1878 2857 1948 2915 suli·

277 2954 608 3012 omninosnbstantiam
633 2955 711 3013 m
741 2971 805 3014 ease
833 2972 938 3029 eorpus
966 2955 1097 3030 aliquod,
1152 2959 1221 3017 riori
1243 2957 1366 3017 artioulo
1384 2956 1523 3021 diximus,
1551 2952 1588 3009 ab
1614 2965 1647 3006 eo
1672 2947 1803 3006 voantur,
1828 2933 1949 3009 tapnim

276 3062 355 3103 nuno
375 3062 433 3102 non
447 3045 579 3120 litigabo,
607 3048 693 3103 modo
722 3045 793 3102 mihi
822 3047 999 3104 oonoedatur
1026 3047 1096 3104 sub·
1152 3030 1891 3118 damonisoastengeliouparaturae»tibidosp
1914 3020 1949 3086 Ὧι
2013 3087 2014 3100 ,

278 3134 418 3193 stantiam
433 3133 607 3210 angelieam,
623 3133 648 3192 ai
665 3136 737 3193 iorte
752 3135 792 3192 sit
806 3152 922 3209 eorpus,
940 3153 1003 3193 enm
1032 3152 1098 3195 ease
1152 3155 1177 3195 e.
1193 3139 1267 3209 433),
1282 3137 1312 3194 id
1327 3141 1382 3202 est,
1399 3133 1532 3209 spiritus,
1548 3129 1779 3203 quidoemonum
1805 3121 1833 3176 at
1857 3107 1950 3185 angelo·
2013 3155 2014 3158 ι

275 3240 382 3295 eorpus
397 3224 443 3281 eoi
458 3224 585 3298 generis.
601 3226 637 3280 nt
647 3225 778 3296 eorporis
793 3224 911 3282 nomine
925 3242 983 3282 non
1005 3223 1135 3298 aliud,c
1154 3243 1219 3283 rum
1235 3225 1325 3282 habat
1347 3225 1424 3281 87⁸
1448 3217 1657 3294 dispositiones
1679 3217 1710 3270 et
1731 3206 1890 3284 qualitates.
1908 3193 1950 3254 sed

276 3315 309 3368 nt
333 3312 402 3369 alibi
423 3313 551 3370 vidimus
574 3315 636 3384 (loc.
660 3313 731 3386 eit),
756 3313 913 3386 signifieat,
947 3313 1004 3370 nisi
1036 3331 1098 3371 ram
1153 3295 1880 3374 daboeuomineadhuoiniraartioulosequenti·

276 3401 440 3474 quamlibet
454 3403 641 3460 exsistentem
655 3407 685 3460 et
699 3420 764 3474 quo
792 3403 834 3458 rai
849 3419 907 3460 non
936 3402 1097 3475 exsistenti,
1189 3423 1356 3490 Quidvm,
1373 3421 1451 3494 quod
1467 3411 1790 3491 suprupdpmugfflq,
1811 3391 1952 3474 „uper-‚tab
2013 3383 2014 3396 ¹

277 3495 306 3548 θῑ
320 3489 413 3546 ”ibib
423 3491 589 3564 ⁰l²P⁰¹¹ii¹¹²
605 3489 707 3546 N⁰¹1¹¹⁰
722 3506 790 3563 &8⁰
813 3489 909 3562 ⁰⁰¹¹iiii
936 3490 1013 3547 baud
1048 3491 1098 3548 ib·
1152 3513 1254 3570 eodem
1269 3511 1333 3584 ipso
1347 3507 1525 3568 Tertulliano
1540 3503 1649 3562 diserte
1662 3492 1847 3574 pronuntiari
1857 3493 1882 3547 et
1892 3487 1953 3542 bunt

279 3575 367 3631 surde
383 3575 450 3632 bino
464 3583 559 3650 potest
573 3577 659 3635 illum
687 3578 901 3636 existimavissa
926 3578 1098 3652 angelorum
1153 3604 1303 3672 smum,
1314 3605 1343 3657 eq
1355 3603 1474 3656 ,meros
1489 3609 1591 3653 omn„
1606 3590 1731 3662 angelo,
1745 3597 1847 3661 pravos
1871 3575 1951 3634 eodem

280 3669 491 3724 naturameasa
515 3683 593 3725 mera
621 3668 879 3742 spiritalemque
907 3673 1007 3727 tamen
1033 3668 1099 3726 ideo
1153 3693 1252 3760 modo,
1272 3706 1331 3763 quo
1357 3691 1386 3746 ep
1412 3688 1505 3744 bonos
1532 3686 1644 3740 mutos
1664 3679 1773 3736 fuisse,
1796 3663 1951 3740 Quinetiam

279 3768 386 3854 eorpus
398 3755 445 3811 sui
459 3757 576 3829 generis
591 3757 687 3816 voouri
703 3762 808 3830 potest,
825 3758 894 3830 quia
912 3775 972 3816 non
996 3763 1041 3816 est
1055 3757 1099 3814 ni·
1153 3781 1300 3850 dmm,
1313 3777 1410 3850 inquit
1436 3775 1495 3842 1110,
1520 3787 1628 3845 negare
1651 3785 1714 3826 non
1733 3763 1856 3840 possunt
1870 3769 1895 3813 se
1910 3751 1952 3806 or·

220 3879 223 3886 '
278 3840 331 3914 Μ’
347 3858 380 3899 ⁸⁰
395 3860 493 3901 mim
507 3845 643 3903 mmm
1152 3868 1268 3926 mundos
1279 3868 1394 3942 spirutus
1408 3880 1465 3922 esse
1477 3861 1609 3934 (Tertull.
1622 3857 1695 3914 ibid.
1713 3871 1778 3927 oap.
1793 3851 1837 3916 23·
1852 3862 1875 3902 ⁰·
1895 3835 1951 3904 ΗΟ)

314 3947 423 4006 Eodem
438 3951 523 4023 ptane
539 3957 710 4024 argumento
721 3955 856 4011 eumdem
872 3953 1029 4012 Maroionis
1056 3969 1099 4010 or·
1155 3933 1952 4031 Deniquemaximamdioitassaillorumaubtilitatou.
2013 3938 2014 3957 ¹

279 4053 374 4095 ΜΘΗ]
390 4038 546 4114 ἱῐῦΡῦΒῠᾶῐ
561 4058 568 4097 :
582 4063 596 4094 «
610 4042 671 4107 011⁰
687 4042 792 4114 magis,
808 4042 913 4117 inquit,
929 4042 1022 4114 appeti
1052 4059 1099 4099 ne·
1154 4048 1379 4118 aetenuitatem,
1396 4045 1445 4118 qui
1458 4059 1512 4100 sua
1533 4037 1686 4098 alacritate
1712 4039 1867 4102 utramque
1890 4021 1953 4077 inii·

279 4141 336 4198 que
352 4128 388 4185 ad
405 4129 590 4186 moriendum
623 4147 675 4204 pro
701 4131 787 4188 nebia
809 4131 955 4204 dispositi,
983 4132 1099 4188 brevem

279 4217 377 4272 oarnia
392 4223 589 4275 eommeatum
605 4236 662 4275 non
673 4221 838 4277 debuerunt
852 4221 999 4278 nasoaudo
1021 4235 1100 4277 aum·

280 4303 387 4376 puisse,
414 4307 485 4378 quia
510 4325 562 4365 neo
587 4309 737 4366 moriendo
764 4309 925 4382 deposituri
945 4326 1009 4366 eam
1039 4310 1099 4367 fua-

280 4398 393 4450 rant...
406 4395 435 4452 Si
449 4397 565 4453 Creator
579 4397 645 4454 lauit
656 4397 775 4472 angelos
798 4397 931 4470 spiritns,
958 4403 986 4455 at
1010 4415 1100 4472 appa·
1155 4405 1258 4461 affeetu
1274 4404 1481 4475 potiusquam
1496 4397 1526 4453 in
1541 4401 1606 4452 antu
1622 4409 1678 4450 auo
1706 4389 1872 4466 apparente
1893 4371 1956 4448 iiiii·

280 4482 385 4538 ritoraa
398 4499 468 4540 suos
483 4485 581 4558 ignem
599 4485 853 4560 flagrantem,tam
873 4503 937 4544 vers
966 4488 1100 4562 spiritus,
1155 4512 1219 4569 erp.
1234 4495 1281 4562 22,
1293 4492 1399 4566 ploti).
1411 4489 1513 4548 Nonne
1528 4491 1624 4545 autem
1641 4483 1705 4541 baso
1719 4479 1821 4540 omnia
1832 4472 1896 4533 satia
1908 4481 1956 4522 111⁸·

281 4586 367 4642 quam
384 4574 689 4648 etignemillosvere
718 4579 811 4635 lauit»
834 4579 964 4653 (Tertull.
994 4580 1046 4637 lib.
1069 4585 1259 4656 ninnilesta
1275 4583 1479 4640 demonstrant
1491 4574 1673 4634 'l'ertulliaoo
1689 4581 1863 4646 persuasum
1886 4556 1958 4616 tuisse
2012 4619 2013 4656 ἕ

280 4659 388 4716 advers.
411 4663 542 4720 Marcion.
573 4682 636 4739 oap.
658 4668 696 4740 9).
720 4667 851 4726 Audiana
870 4686 958 4741 qnam
1001 4672 1101 4742 operte
1156 4671 1652 4750 angeloamalosetdaemonesnon
1670 4651 1957 4731 minusquambonos
2012 4675 2013 4704 1

279 4747 405 4806 deelarat
421 4751 606 4825 angelos,qui
622 4753 752 4814 bumana
767 4757 860 4814 torma
874 4757 911 4814 ab
927 4755 1101 4831 patriarchis
1155 4761 1286 4838 angelos,
1297 4761 1389 4818 luisse
1401 4757 1548 4832 spiritus?
2012 4765 2013 4768 ’

278 4835 336 4938 uisi
347 4843 428 4906 sunt,
439 4842 498 4896 tam
510 4857 576 4899 vere
604 4843 727 4917 spiritua
751 4845 852 4914 luisse,
886 4862 975 4919 qoam
1003 4860 1101 4902 veram
1190 4863 1539 4926 Verumhupomqenqae
1568 4860 1641 4918 illud
1667 4867 1837 4932 repugnare
1855 4845 1957 4904 videtur.

280 4939 337 5027 tpqr
350 4925 503 4989 bominum
538 4950 655 4992 earnem
682 4935 928 5008 assumpserant?
950 4935 1012 4992 Non
1031 4952 1101 5008 pro·
1156 4949 1603 5033 quodsupqubquoqmdstum
1623 4942 1896 5005 animadvertimus,
1911 4942 1959 5004 pra·

282 5031 347 5087 pm
361 5022 460 5074 ”mm
477 5037 577 5079 ⁸⁰¹'um
600 5028 663 5080 mi
689 5040 767 5092 Μ’
797 5025 848 5080 ⁸⁰d
868 5024 940 5096 5P⁸i³
963 5025 999 5080 id
1015 5025 1102 5081 him
1156 5065 1206 5106 vos
1215 5045 1335 5122 angelos
1344 5059 1409 5103 sesa
1419 5037 1676 5115 naieriopolluisse
1686 5036 1864 5093 seminarum
1875 5030 1961 5080 eoncu-

278 5109 427 5206 tampusu
451 5113 508 5168 boo
531 5111 608 5185 data,
636 5117 669 5170 ut
695 5129 761 5169 ourn
783 5111 953 5170 bominibus
986 5129 1102 5170 conrar-
1156 5138 1293 5208 bitu,quo
1309 5137 1454 5192 dromones
1469 5131 1643 5205 genuerunt.
1659 5126 1718 5182 Sed
1737 5103 1962 5196 respondentilis

279 5211 339 5250 sart
355 5203 477 5267 possent
488 5202 518 5256 at
532 5199 669 5273 oolloqui.
681 5199 745 5256 ntia
755 5201 854 5273 itaque
868 5199 995 5272 illorum,
1012 5218 1101 5275 quam
1156 5229 1257 5300 pomp
1266 5215 1744 5296 ,b{ppppmqu'quqmqqmodum
1754 5232 1772 5272 a
1782 5197 1962 5274 bonpungslis

279 5282 434 5342 bominum
450 5291 495 5343 ast
506 5287 684 5360 substantia,
698 5288 833 5346 videlieet
861 5289 1102 5364 spiritualia,qua
1156 5315 1352 5386 assumptum,
1368 5277 1446 5368 'qim
1460 5308 1546 5383 paulo
1562 5309 1629 5364 qut„
1639 5291 1962 5372 dicobamuqhominuffl

279 5373 449 5445 superiores
462 5374 635 5434 bominibus
647 5393 714 5435 vare
729 5382 799 5434 aunt
809 5379 940 5452 spiritus.
1155 5417 1285 5474 omem,
1296 5417 1354 5474 qu,
1370 5401 1603 5472 poquwmqeum
1619 5391 1800 5452 muppeppbu,
1814 5383 1961 5445 „ommino-

315 5479 403 5538 Plura
415 5482 519 5556 siquis
539 5485 693 5554 desiderat,
722 5485 803 5542 illius
831 5486 863 5544 de
896 5488 1103 5546 assurrectione
1156 5489 1310 5548 ritterum
1325 5493 1426 5546 eontra
1444 5486 1521 5546 alins
1536 5484 1635 5544 statim
1656 5484 1767 5554 urguet
1798 5469 1962 5553 probandum

278 5569 372 5626 earnis
387 5567 497 5628 librum
517 5572 611 5643 odeat,
626 5579 655 5632 et
669 5575 708 5631 ibi
725 5573 846 5632 totidem
874 5573 969 5649 legera
997 5577 1103 5650 poterit
1155 5595 1221 5635 asse
1236 5579 1314 5637 unda
1330 5575 1520 5652 praviisngali
1536 5571 1836 5644 homanamtoarnem
1856 5563 1889 5621 ad
1903 5565 1962 5615 um·

280 5657 459 5729 dusrerbs:
477 5663 603 5739 «angeli
623 5665 780 5740 aliquando
801 5670 943 5740 tanquam
969 5667 1103 5727 homines
1157 5683 1212 5742 pus
1227 5665 1345 5742 aliquod
1361 5663 1551 5740 sumpserint.
1567 5659 1707 5731 Quamvis
1722 5657 1804 5720 anim
1832 5641 1963 5713 uerrutis·
2011 5705 2012 5712 ,

1154 4138 1229 4194 dunt
1242 4135 1372 4194 hominis
1387 4131 1595 4198 substantiam,
1612 4134 1685 4184 uuo'
1697 4123 1845 4183 momento
1866 4109 1954 4179 ubique

1154 4229 1233 4293 sunt,
1245 4230 1272 4283 at
1292 4227 1540 4294 totus,tarrarum
1556 4215 1636 4275 orbis
1654 4231 1738 4272 unua
1763 4212 1807 4269 eia
1821 4208 1863 4265 ast
1881 4200 1955 4294 leant·

1154 4317 1323 4372 Proteraa·
1345 4309 1517 4378 invisibiles,
1537 4305 1645 4380 inquit,
1676 4309 1708 4361 et
1736 4293 1911 4359 insensibiles
1933 4297 1955 4337 ¹1¹
