4134 6184
144 331 224 395 nn
601 335 639 395 n.
661 333 898 412 nawnonnnr
919 281 1246 397 osannrnnhane
1268 281 1400 399 nore.
1776 333 1856 396 rna

142 465 309 520 alienorum
332 485 348 516 u
372 463 474 538 (itia).
499 465 589 523 Vides
611 466 671 522 hac
696 466 859 538 posteriora
883 465 971 522 verba
987 477 1008 535 Λ
1025 463 1075 521 lib.
1092 481 1131 533 vr,
1148 482 1212 539 cap.
1227 467 1253 538 t,
1270 483 1334 540 pag.
1355 467 1430 540 265),
1460 469 1628 524 asseverant
1660 464 1855 530 brachmanes

142 552 188 609 bis
203 553 305 625 repeti,
323 569 389 626 qum
402 554 512 612 idcirco
527 553 673 630 Rigaltius
687 559 831 628 tauquam
857 571 970 628 praepo·
1025 553 1114 609 India
1130 551 1241 611 incolas
1258 554 1359 627 luisse,
1374 571 1493 628 cosque,
1505 555 1549 611 uti
1571 553 1640 610 aiibi
1671 552 1753 621 dixit,
1781 571 1853 626 pap-

142 646 220 698 atore
236 641 346 711 addita,
361 641 392 698 in
408 659 463 700 sua
482 642 611 701 editione
622 648 724 702 contra
747 644 883 702 codicum
912 659 971 699 om·
1029 639 1214 714 cananaeos)
1224 659 1274 700 sau
1292 644 1551 718 gymnosophistas
1566 642 1670 700 collam
1686 643 1853 699 habitantes

144 731 239 799 nium,
255 730 315 788 sive
331 732 487 801 editorum,
508 735 568 792 sive
590 732 970 806 manuscriptorumildam,
1026 747 1130 804 parum
1147 749 1163 787 a
1178 731 1234 787 Nili
1252 731 1324 806 ripis
1339 733 1511 789 distantem.
1534 732 1578 787 ab
1598 731 1774 804 Hieronymo
1803 747 1855 787 au·

144 820 264 893 penitus
284 820 527 879 abstulit.Verum
543 823 625 896 quid,
641 823 747 881 amabo
759 826 806 889 te,
822 821 973 895 probibuit
1026 822 1087 876 tam
1104 819 1210 877 alicubi
1227 843 1242 872 a
1259 821 1398 878 indorum
1423 821 1622 890 brachmanae,
1649 824 1677 876 at
1705 819 1854 892 AEgyptio·

145 907 677 980 quominus'l'ertullianusadversus
709 911 844 970 ethnicos
872 911 972 983 diapu·
1026 923 1092 964 rum
1117 910 1366 983 gymnosophista
1403 933 1417 962 n
1440 909 1617 984 (hieronym.
1643 909 1728 983 epist.
1748 909 1794 978 57,
1819 908 1855 964 od

146 999 245 1067 tando,
262 998 364 1056 eadem
379 999 477 1072 uerba,
493 1001 602 1073 quibus
617 1001 726 1059 thesim
747 1015 833 1058 auam
863 1015 971 1073 propo·
1025 1001 1092 1056 bat.
1114 1004 1143 1055 et
1170 997 1222 1056 lib.
1247 1017 1257 1056 1
1280 1001 1341 1057 ortu.
1360 1001 1475 1075 iouia),
1502 1000 1571 1058 alibi
1596 1016 1676 1067 vero,
1697 1002 1725 1055 et
1740 998 1775 1054 ab
1792 996 1852 1066 illo,

143 1087 214 1156 suit,
228 1091 295 1160 post
307 1087 412 1145 altatae
428 1089 464 1146 ad
481 1105 545 1147 eam
562 1091 745 1164 probandam
773 1088 902 1146 rationes
917 1088 971 1146 ite-
1026 1086 1144 1156 olatiis,
1162 1105 1236 1161 quos
1252 1087 1310 1148 alia
1325 1089 1354 1146 iu
1379 1089 1588 1148 dissertatione
1613 1087 1779 1158 citavimus,
1804 1103 1854 1160 gy·

147 1193 214 1234 rum
231 1177 400 1256 repeteret?
1028 1176 1239 1248 mnosephistaa
1255 1179 1342 1234 India
1358 1179 1545 1252 appellantur
1559 1181 1629 1248 (tom
1648 1175 1854 1250 idpporotiih.

180 1264 297 1338 Athea,
314 1265 555 1340 inquietationis,
573 1269 647 1326 tanti
664 1287 722 1328 non
733 1277 804 1329 sunt
818 1275 971 1346 momenti,
1025 1278 1072 1332 ¹¹¹·
1088 1265 1205 1322 dilwi-
1221 1265 1249 1334 2,
1266 1284 1329 1340 0⁸1³·
1348 1268 1390 1334 19·
1405 1273 1457 1324 art.
1477 1269 1501 1340 ¹2
1517 1284 1582 1341 1³³ss-
1608 1267 1676 1323 ¹¹50
1692 1273 1720 1323 θῑ
1740 1264 1854 1338 wilh)-

145 1355 249 1428 quanti
265 1354 340 1413 scira
356 1357 477 1414 interest
498 1358 576 1415 uude
610 1359 658 1418 illa
680 1362 973 1438 conficerepetuerit
1026 1354 1064 1409 tl
1091 1353 1200 1412 ibidem
1226 1355 1350 1430 insuper
1377 1357 1582 1412 adnotavimus
1609 1356 1716 1429 duplex
1750 1354 1854 1411 sallem

146 1445 217 1501 deos
231 1444 398 1516 gentilium,
414 1446 440 1502 ei
455 1445 522 1519 quia
537 1447 565 1504 in
581 1447 623 1506 eis
643 1451 719 1523 graii
736 1457 765 1508 et
779 1452 855 1526 aequi
879 1454 971 1512 animi
1027 1443 1120 1500 fuisso
1134 1444 1253 1502 illorum
1267 1463 1371 1519 genus.
1388 1447 1418 1503 Si
1434 1447 1501 1519 quis
1514 1463 1600 1519 porro
1616 1445 1780 1519 probaverit
1789 1443 1854 1501 illos

145 1549 253 1590 sensus
268 1533 525 1605 fuisset,dabuisse
538 1537 616 1609 illos,
632 1541 661 1595 in
677 1539 804 1612 publicis
818 1541 970 1600 calamita·
1024 1549 1083 1590 non
1100 1533 1197 1592 tolum
1213 1535 1244 1592 ill
1260 1535 1354 1602 India,
1371 1537 1423 1592 sed
1434 1536 1462 1592 ill
1480 1537 1602 1609 AEssllllss
1617 1535 1707 1592 tilam
1723 1551 1794 1592 ⁸⁰⁸⁸
1805 1550 1856 1608 po·

146 1623 535 1683 tibuseecerneremita
560 1626 744 1686 Christianis.
768 1629 824 1687 Sed
852 1630 882 1687 id
903 1630 971 1690 indo
1023 1621 1119 1679 ⁸⁰5³&
1139 1625 1234 1690 tedes»
1262 1625 1287 1680 5³
1312 1625 1398 1682 filcile
1423 1625 1637 1682 Tertullianum
1673 1623 1805 1695 fl¹l⁰⁸ltl²⁰
1837 1639 1854 1679 Ε

146 1711 184 1767 ah
202 1727 235 1767 eo
256 1715 334 1770 recte
356 1711 515 1787 colligitur,
544 1716 615 1788 quia
639 1717 764 1774 ethnicis
775 1717 856 1776 nulla
885 1719 971 1792 plane
1020 1709 1200 1770 Philostrato
1215 1712 1352 1771 laudatos
1368 1713 1444 1770 inter
1459 1730 1491 1772 se
1506 1713 1683 1772 conciliabit.
1708 1716 1849 1770 Getarum

146 1793 311 1850 reiteratio
335 1795 521 1869 suppetebat,
543 1813 602 1868 qua
624 1813 743 1869 sperare
766 1803 882 1873 possent
909 1801 970 1858 iore
1025 1789 1079 1871 lili,
1096 1800 1340 1860 sicutietwsst)
1356 1803 1561 1874 brachmanes,
1583 1805 1618 1860 ab
1641 1802 1707 1860 aliis
1724 1801 1855 1860 homini·

146 1886 190 1950 ut,
204 1886 361 1956 postquam
377 1901 411 1940 cx
427 1883 551 1942 haesita
570 1887 776 1955 excessissent,
795 1893 933 1946 aeternam
957 1868 1083 1947 aBbue
1099 1891 1237 1964 saJunoti,
1254 1893 1446 1951 durissimam
1461 1893 1708 1950 consectabantur
1728 1893 1855 1961 vivendi,

147 1969 207 2026 diis
221 1971 296 2041 suis,
312 1971 361 2044 qui
375 1973 446 2030 nulii
463 1979 558 2044 arant,
572 1975 739 2049 acciperent
752 1978 894 2034 virtutum
908 1995 975 2035 sua·
1030 1983 1090 2035 ata
1109 1979 1183 2036 cibis
1199 1981 1366 2040 abstinendi
1382 1983 1569 2053 rationem,a
1594 1983 1679 2040 nohis
1709 1982 1771 2040 loco
1790 1982 1856 2055 jam

150 2075 218 2116 rum
234 2061 568 2120 mercedem.Christiani
586 2081 652 2121 vero
667 2064 760 2137 itiam,
779 2071 811 2122 ut
835 2067 975 2141 dirlmus,
1031 2066 1120 2125 citato
1134 2070 1322 2142 explicatam.

149 2148 187 2203 ab
203 2149 403 2224 omnipotente
420 2153 543 2210 Deosuo
567 2153 730 2212 certissima
756 2156 975 2229 exspectabant.
1066 2157 1121 2215 Sed
1132 2160 1219 2232 louge
1238 2159 1403 2229 dissimilis,
1425 2166 1457 2217 ut
1481 2165 1555 2218 recle
1581 2159 1778 2218 Tertullianus
1801 2177 1854 2218 no·

148 2235 479 2314 Nondcbebnntigitur
500 2241 610 2300 ethnici
640 2244 694 2300 hoa
719 2244 788 2300 deos
816 2244 920 2315 colera,
950 2245 976 2303 si
1030 2251 1091 2302 ster
1105 2253 1331 2313 asseverat.arat
1343 2249 1522 2306 abstinentia
1541 2249 1786 2320 Christianorum,
1802 2249 1853 2322 qui

148 2342 325 2399 persuasum
346 2328 494 2387 habebant
508 2348 540 2388 sa
555 2333 591 2388 ab
607 2332 665 2389 iilis
680 2333 716 2390 ob
728 2331 912 2392 Christianos
924 2352 976 2408 pn·
1030 2336 1111 2393 cibos
1126 2336 1183 2392 sibi
1196 2355 1213 2394 a
1226 2338 1284 2396 Deo
1295 2339 1379 2396 datos
1394 2355 1460 2395 cum
1474 2339 1637 2412 gratiarum
1662 2339 1777 2396 actione
1805 2356 1854 2396 au·

150 2414 236 2473 blicis
246 2418 467 2476 calamitatibus
477 2421 618 2478 rescribi
631 2421 710 2478 enirn
722 2423 885 2481 cultoribus
900 2423 974 2493 suis,
1030 2426 1159 2496 mebant,
1175 2427 1227 2483 aed
1242 2428 1365 2486 servatis
1380 2444 1496 2500 semper
1511 2427 1709 2500 temperantia
1724 2426 1850 2502 iegibus.

150 2507 202 2579 qui
219 2506 342 2566 aliorum
359 2526 448 2568 causa
459 2511 593 2584 publicas
607 2511 787 2570 calamitates
803 2512 832 2569 in
847 2515 901 2570 hac
915 2513 976 2571 vita
1028 2513 1129 2586 Neque
1153 2515 1231 2572 enim
1252 2515 1345 2574 ullum
1373 2520 1505 2590 frustrum,
1527 2515 1624 2589 inquit
1645 2516 1704 2588 ille,
1739 2533 1852 2589 operum

150 2597 283 2668 perpessi
302 2599 459 2670 suntnihil
475 2604 542 2673 post
562 2607 686 2659 mortem
702 2602 833 2660 conterre
849 2603 974 2677 possint,
1029 2603 1078 2658 ilai
1094 2605 1290 2676 repudiamus:
1313 2607 1394 2676 plone
1416 2609 1613 2677 temperamur,
1634 2622 1670 2662 nc
1690 2606 1768 2662 uitro
1791 2623 1852 2663 nro-

149 2684 258 2759 ingrati
271 2703 393 2760 prorsus
407 2693 437 2744 et
452 2689 553 2761 injusti
570 2694 650 2761 sunt,
674 2696 725 2748 aut
751 2696 828 2750 certe
854 2692 974 2761 infirmi,
1028 2691 1107 2758 dum,
1123 2697 1173 2748 out
1185 2709 1329 2766 perparum
1343 2699 1455 2750 utamur
1477 2693 1607 2766 (tertull.
1623 2693 1776 2768 Apotopet.,
1787 2712 1852 2770 cap.

152 2790 187 2831 ac
199 2775 321 2852 proinde
335 2777 500 2836 divinitatis
514 2795 634 2852 prorsus
650 2785 792 2854 expertes.
821 2781 974 2839 Tertullia-
1030 2783 1086 2854 42).
1101 2782 1201 2857 Neque
1216 2785 1305 2841 etiam
1318 2785 1406 2841 iidem
1425 2784 1581 2841 christiani
1597 2791 1681 2840 erant
1704 2784 1852 2860 sylvarum

151 2881 209 2920 nus
220 2865 403 2938 itaquerecte
415 2866 566 2925 concludit
579 2869 685 2927 borum
701 2871 822 2928 deorum
838 2869 974 2940 cultores,
1029 2871 1142 2941 incolae,
1159 2889 1192 2928 sc
1207 2872 1294 2930 veluti
1318 2872 1513 2930 brachmanes
1541 2878 1571 2930 et
1592 2872 1852 2947 gynmosuphista,

151 2953 274 3011 minime
289 2971 355 3012 vero
363 2955 555 3025 Christianos,
568 2957 753 3032 publicarum
773 2959 975 3016 calamitatum
1029 2962 1137 3018 casulas
1151 2962 1217 3020 uitae
1230 2962 1396 3018 communis
1411 2961 1518 3032 (leid),
1532 2967 1560 3018 et
1576 2967 1775 3019 austerorum
1800 2962 1852 3018 ho-

150 3059 217 3099 esse
231 3047 377 3102 auctores.
398 3045 496 3104 Palam
514 3064 581 3105 vero
595 3065 647 3106 nos
659 3047 878 3122 alibiiecimus
901 3050 974 3120 (uta
1029 3051 1143 3106 minum
1158 3050 1393 3123 consortioplana
1406 3049 1545 3123 separati.
1562 3050 1591 3107 ln
1617 3050 1734 3123 oppidis
1757 3051 1852 3123 siqui·

149 3135 215 3188 sert.
230 3134 261 3190 ta
275 3134 387 3204 druch,
405 3153 469 3210 cap.
492 3137 521 3207 6,
536 3141 591 3193 art.
618 3139 634 3194 i
653 3143 681 3195 et
702 3138 798 3212 seqq.)
827 3139 975 3211 quomodo
1029 3139 1095 3196 dam
1111 3143 1140 3196 et
1155 3140 1276 3197 urbibus
1292 3157 1359 3197 oum
1374 3140 1511 3211 ethnicis,
1536 3140 1613 3196 sicut
1632 3141 1694 3212 jam
1714 3139 1853 3210 diximus,

151 3218 213 3276 haec
228 3222 396 3282 criminatio
412 3229 471 3282 tam
484 3243 570 3300 sape,
585 3243 672 3301 quam
689 3227 801 3285 insulse
816 3228 852 3284 ab
878 3227 1011 3306 ethni-0
1031 3229 1177 3286 commisti
1195 3229 1377 3298 habitabant,
1393 3245 1426 3286 ao
1442 3244 1615 3287 communae
1630 3245 1696 3284 cum
1712 3228 1772 3285 illia
1788 3229 1853 3285 ubi·

150 3307 339 3384 cisrepetita,
353 3313 389 3371 ab
401 3313 530 3373 arnobio
554 3317 705 3374 conlatata
723 3316 820 3389 fuerit,
845 3334 878 3374 ae
901 3333 973 3390 quo·
1032 3334 1089 3392 que
1105 3319 1268 3376 miscebant
1282 3335 1396 3392 operas,
1411 3321 1441 3374 in
1459 3322 1530 3390 soro,
1557 3318 1683 3389 mucello,
1711 3317 1865 3386 nundinia..
1895 3323 1897 3330 ⁴

151 3399 240 3455 modu
263 3401 404 3460 liinutius
425 3405 504 3462 Felix
527 3409 556 3462 et
580 3405 750 3464 Lactantius
773 3408 977 3464 demonstrent
1030 3409 1115 3480 apris,
1131 3408 1250 3476 balneis,
1267 3407 1501 3476 tubernirlibr'dl,
1519 3423 1577 3463 uon
1592 3406 1855 3480 quidamvinariis,

151 3491 300 3548 imbecilla
315 3493 401 3566 plane
416 3498 445 3552 et
458 3493 554 3552 iutilia
577 3512 642 3553 esse
653 3495 771 3553 illorum
791 3501 975 3570 argumenta,
1031 3497 1081 3554 sed
1098 3497 1355 3571 edificiis,qua,ut
1368 3497 1410 3554 ait
1426 3497 1529 3553 Festus
1545 3496 1854 3570 (mememorato),

151 3579 204 3654 qui
219 3580 288 3637 inde
302 3581 430 3639 divinam
442 3583 656 3657 providentiam
680 3583 857 3641 labefactare
881 3585 976 3642 conati
1031 3587 1184 3644 extabulis
1199 3591 1378 3653 constructa,
1394 3587 1469 3651 usui,
1483 3590 1557 3672 teste
1572 3585 1677 3654 Nonio,
1698 3590 1783 3643 erant
1806 3601 1855 3658 po·

151 3675 222 3726 eunt
232 3670 356 3744 (Dicent.
372 3673 402 3729 in
417 3673 530 3742 Ninus„
546 3691 611 3747 cap.
622 3675 650 3745 e,
665 3675 751 3742 art.3,
762 3677 791 3730 et
806 3675 835 3730 in
850 3675 975 3731 Loctnnt.
1030 3677 1125 3748 pulcri
1138 3674 1310 3746 (Nonius,ad
1327 3692 1353 3731 v.
1371 3676 1574 3744 Tuber.l,trtee
1585 3673 1673 3730 etiam
1688 3691 1759 3732 suas
1774 3690 1858 3731 exer·

152 3776 218 3831 cup.
239 3759 283 3827 it,
300 3765 355 3818 art.
370 3762 408 3834 3).
424 3762 479 3818 Sed
492 3763 557 3834 jam
582 3764 618 3819 ad
645 3762 782 3819 ultimum
806 3764 976 3820 corumdem
1032 3764 1137 3820 cebant
1151 3763 1311 3836 inofficiata
1334 3762 1455 3820 cuilibet
1476 3762 1655 3836 patentibus,
1674 3780 1707 3819 ac
1727 3779 1857 3820 commo·

152 3849 319 3922 gentilium,
340 3855 442 3908 contra
457 3851 623 3910 christiana
639 3851 790 3926 religionis
813 3852 977 3923 veritatem,
1032 3853 1173 3910 rebantur
1188 3853 1217 3909 in
1232 3853 1348 3909 imbutis
1363 3851 1495 3921 (Tertull.
1506 3851 1564 3908 itit
1577 3855 1599 3920 ),
1615 3868 1665 3908 seu
1688 3851 1856 3908 diversoriis

152 3944 362 4010 argumentum
378 3941 564 3998 accedamus.
1033 3947 1061 3998 et
1082 3941 1231 4014 hospitiis,
1256 3941 1306 3997 ubi
1332 3939 1463 4012 hospitas
1487 3944 1516 3996 et
1534 3941 1705 4014 peregrinos
1731 3939 1856 4012 excipio·

451 4082 566 4140 CAPUT
580 4083 664 4140 XXIV
1032 4032 1178 4098 baut,seu
1203 4025 1303 4104 potius
1324 4028 1569 4095 habitationibus,
1591 4034 1621 4085 et
1644 4027 1764 4100 privatis
1788 4043 1858 4100 quo·

153 4171 245 4240 Quum
279 4171 398 4228 absurde
420 4173 528 4228 ellinici
549 4173 786 4244 conquerebantur
809 4171 979 4229 Christianos
1033 4120 1181 4222 rumdam,
1196 4117 1285 4218 ’.161ιῖῈί
1301 4116 1657 4192 agri⁰⁰¹⁸mmd⁰mib⁰⁸2
1683 4115 1719 4173 ‘¹⁰
1746 4114 1856 4190 quibu*

186 4243 348 4315 reiputtoeae
370 4259 430 4301 em
452 4244 577 4312 anatim,
610 4252 692 4318 ,ιω
719 4245 819 4302 ,gam
851 4245 979 4302 ,mmi-
1033 4205 1340 4280 rtacanrtVrrgihus:

186 4313 303 4372 nundus.
1078 4333 1168 4384 ardua
1181 4335 1251 4384 tecta
1262 4331 1330 4395 petit
1342 4329 1440 4382 stabuli
1455 4334 1484 4382 et
1496 4330 1530 4382 de
1546 4330 1664 4382 eulmina
1678 4341 1784 4381 summo

412 4437 574 4480 arsamum„
594 4439 716 4481 lamus,
1079 4394 1216 4447 Pastorala
1230 4395 1305 4447 canit
1318 4393 1434 4458 signum.

152 4508 291 4577 Quomodo
316 4510 502 4568 Tertullianus
524 4511 683 4584 probauerit
710 4510 881 4570 creationes
921 4527 977 4570 non
1327 4474 1429 4538 (virgil.
1447 4473 1492 4525 lib.
1508 4486 1546 4525 vu
1560 4471 1702 4527 muctar.
1718 4469 1784 4532 tlt.)

187 4581 276 4643 [uuae
290 4581 482 4665 drachmam.
503 4598 553 4668 '¹50
572 4581 704 4668 limiti
728 4583 976 4668 ppmnosopbistos,
990 4593 1015 4660 D
1031 4603 1177 4679 Atqueita
1191 4600 1361 4670 Christiani,
1373 4600 1415 4658 ait
1437 4595 1546 4658 ductor
1569 4604 1679 4670 noster,
1710 4597 1859 4656 cohabita·

187 4669 239 4708 Μ
252 4653 408 4725 'imm’
423 4653 471 4710 “d
485 4655 647 4727 mmm
659 4655 912 4729 9²⁰7²mumm¹l⁶⁸¹
1035 4694 1105 4752 bant
1119 4694 1169 4750 boc
1184 4692 1328 4758 menium,
1344 4690 1416 4762 sive,
1431 4691 1509 4749 sicut
1522 4690 1552 4748 iu
1570 4689 1782 4764 manuscriptis
1806 4705 1858 4746 no·

187 4793 315 4868 hithnici,
338 4795 453 4852 nullum
482 4813 541 4854 non
570 4799 720 4854 moventes
748 4796 777 4853 lu
796 4796 983 4855 Christianos
1034 4783 1088 4842 tria
1102 4784 1264 4857 legitor,r‘n
1279 4780 1331 4839 '²0⁶
1344 4781 1452 4838 Willi-
1766 4848 1767 4852 ,

149 4875 391 4948 lapidemadhuc
403 4877 588 4948 objectabant
598 4875 664 4936 illos
676 4875 844 4950 reipublice
857 4893 979 4950 prorsus
1068 4872 1265 4940 Quamobrem
1276 4869 1400 4943 gentiles
1414 4871 1478 4944 ipos
1490 4870 1532 4927 aio
1556 4875 1641 4944 urget
1655 4887 1663 4928 ι
1690 4869 1858 4943 Novipumus

150 4981 219 5022 asse
234 4963 365 5032 inutiles,
379 4980 473 5037 eoque
488 4964 551 5022 solo
565 4965 685 5023 nomine
700 4965 819 5038 penitus
840 4966 978 5022 extermi-
1032 4965 1058 5018 et
1072 4978 1122 5019 nor
1140 4961 1288 5031 retusum,
1303 4959 1477 5017 etootiscurn
1489 4959 1555 5034 (hoo
1571 4960 1708 5017 ultimum
1733 4959 1857 5016 verbum

150 5053 278 5111 nendos.
289 5054 344 5112 Sed
365 5053 405 5121 hi,
421 5053 519 5127 iuquit
536 5053 861 5128 Tertullianus,«neque
873 5055 978 5112 brach·
1033 5047 1273 5122 amanusoriptls
1288 5048 1397 5106 nostris
1417 5048 1501 5107 libris
1524 5051 1618 5123 abest)
1641 5051 1805 5119 militamus,
1832 5055 1859 5106 et

152 5159 260 5212 mana,
291 5148 343 5201 aut
371 5143 509 5200 ludorum
534 5143 794 5218 gymnosophista,
818 5142 976 5217 sylvicolae,
1031 5142 1209 5205 rusticamur,
1230 5146 1258 5196 et
1280 5139 1582 5211 marcomannorum
1602 5141 1749 5197 miscernus
1774 5147 1857 5210 ortes,

153 5232 486 5290 etexeulesvitaaunta
504 5232 637 5304 (Tertull.
657 5233 809 5306 Aperopia,
830 5248 895 5306 cap.
919 5233 975 5306 te).
1031 5245 1126 5304 operor
1139 5233 1246 5286 nostros
1255 5227 1462 5300 (manuscripti
1472 5233 1501 5284 at
1515 5235 1583 5287 ante
1595 5228 1757 5303 Rigaltium
1786 5226 1857 5285 editi

152 5321 211 5378 Sed
230 5322 364 5394 quinam,
388 5321 502 5394 inquiet
520 5322 642 5379 sonasse
667 5320 786 5394 aliquis,
813 5327 897 5380 erant
933 5321 977 5378 illi
1032 5320 1146 5378 codices
1160 5335 1245 5391 opero
1269 5317 1375 5391 nostru)
1395 5317 1575 5389 publicamus
1599 5320 1663 5376 usui
1689 5326 1788 5384 oestro,
1815 5319 1856 5374 et·

151 5409 341 5468 brachmanes
360 5414 390 5468 et
407 5409 678 5484 gymnosophistas?
699 5410 850 5482 Numquid
873 5410 975 5482 iidem,
1031 5427 1088 5486 que
1102 5410 1144 5467 ita
1157 5409 1270 5467 mutuis
1282 5409 1422 5483 operibus
1443 5427 1496 5468 noa
1518 5412 1643 5470 invicem
1667 5413 1855 5484 adiuvemus.

152 5505 206 5557 aut
229 5498 335 5557 diversi
358 5516 377 5557 a
402 5500 577 5558 seinvicem
599 5500 700 5574 populi
727 5499 875 5559 luerunt?
902 5500 976 5560 Nam
1029 5499 1120 5573 Atqui
1135 5498 1322 5556 eaomniaco
1338 5499 1480 5572 maiorem
1506 5502 1560 5558 toti
1588 5499 1757 5574 reipublice
1786 5496 1855 5553 aila·

151 5587 324 5662 Apellonius
334 5587 478 5662 honorus
490 5591 520 5646 st
534 5587 682 5662 Damides,
698 5605 716 5646 a
739 5587 915 5648 Philostrato
938 5588 978 5647 oi·
1030 5591 1134 5648 rebant
1143 5587 1310 5661 utilitatem,
1325 5603 1385 5661 quo
1401 5589 1495 5662 maior
1508 5594 1590 5660 tono,
1605 5591 1684 5648 sicut
1702 5590 1789 5644 anna
1816 5583 1858 5642 rt-

152 5679 207 5736 tati
216 5676 280 5750 (lib.
296 5693 329 5735 ιιι
343 5677 381 5737 de
397 5679 455 5738 Vita
469 5676 614 5750 Apellen..
643 5677 915 5754 oap.t,pug.,119,
947 5681 977 5737 at
1030 5679 1220 5751 dimanaret
1241 5678 1414 5738 eorumdem
1438 5678 1673 5740 Christianorum
1701 5689 1855 5736 numerus.
