4152 6192
191 233 268 298 4434

190 455 323 528 cupisset
343 458 428 532 (45))
451 478 513 533 quaa
537 479 595 519 non
618 463 688 520 velit
716 463 824 521 ideirco
852 481 884 522 se
912 466 1014 538 expin-

464 239 730 306 uuuwtlltttt
752 243 914 308 ocubuit
935 244 1035 307 Plus
1057 245 1288 309 1.-sultllts
1309 246 1349 320 ΙΙ,
1372 243 1615 308 uouululue.

68 372 73 387 '
189 366 280 440 nique
293 372 349 438 est,
365 385 428 444 qne
441 387 495 430 uec
514 373 628 448 placere
642 375 762 448 quidem
782 377 926 435 extrancis
941 393 1008 434 con·
1024 377 1134 446 Arent
1149 379 1215 450 (47).
1233 377 1376 436 Debemus
1388 376 1507 450 quidem
1522 376 1564 432 ita
1588 375 1688 432 sancte
1698 375 1727 428 et
1741 375 1804 428 tote
1823 367 1892 425 lidei

1815 239 1890 300 4434

1068 467 1234 524 substantie
1248 467 1392 535 incedere,
1408 469 1442 520 ut
1452 464 1591 522 cuulesse
1606 466 1635 520 et
1658 477 1766 520 secure
1800 459 1892 514 simus

191 561 259 620 gero
273 547 340 619 (46),
358 551 390 604 ut
404 554 491 623 neget
501 553 666 623 appetitum
682 553 721 609 ⁶²?
736 556 908 627 Quanquam
924 555 1015 612 etbon
1067 556 1102 612 de
1117 556 1296 612 couscientia
1310 560 1410 612 nostre
1429 557 1564 626 optantes
1588 566 1775 626 perseverare
1795 547 1823 604 id
1860 545 1889 602 ia

82 627 85 642 '
192 634 292 708 gentili
304 637 452 709 pudicitie
475 639 618 697 familiare
634 641 672 698 sit
688 658 746 698 non
766 642 948 715 delinquere,
974 647 1015 700 at·

192 729 291 781 temen
306 723 379 783 vello
395 727 459 796 ;vel
476 728 563 786 etiam
581 729 669 798 nulle,
686 735 814 787 attamen
841 749 898 788 non
932 733 1017 790 deae·

193 827 272 886 gere.
289 812 363 877 Ouid
381 816 490 872 mirum
507 818 521 873 t
536 835 672 890 perverso
697 824 762 876 snut
786 822 894 892 omnia,
913 837 975 892 que
999 838 1017 878 a

193 901 252 958 Deo
267 917 326 958 uon
341 909 421 961 suut.
432 906 559 962 Videant
572 907 671 979 igitur,
687 923 752 979 quaa
767 926 824 966 nun
839 913 935 966 toturn
964 911 1016 966 bo·

194 1006 265 1046 uum
281 991 439 1050 obtinendo
455 993 539 1051 laciic
560 1000 590 1052 et
603 997 682 1068 quod
697 997 830 1055 obtinent
845 997 922 1056 malo
937 1015 1016 1056 com-

195 1078 331 1138 miscent.
350 1081 408 1139 Vos
424 1083 546 1151 abillis,
564 1090 598 1140 ut
614 1084 645 1141 in
661 1086 783 1156 ceteris,
800 1087 916 1145 incessu
945 1104 1017 1161 quo·

194 1183 251 1241 que
263 1170 410 1229 devertere
421 1173 620 1230 necessarium
636 1179 691 1245 est,
716 1177 855 1246 quonism
884 1176 1018 1249 perlectae

195 1272 260 1313 esee
275 1256 398 1322 debetis.
413 1259 491 1315 sicut
505 1259 591 1317 Pater
605 1265 702 1317 vester
717 1261 767 1332 qui
782 1265 828 1319 est
838 1262 868 1318 in
883 1261 974 1319 coelia.

526 1401 646 1459 CAPUT
661 1402 697 1459 ll.

231 1522 366 1581 Periocte
381 1527 490 1598 eutem,
506 1525 536 1582 id
564 1531 618 1584 est.
647 1526 818 1586 Christiane
848 1529 961 1602 pudice
985 1531 1018 1601 ⁸⁸,

194 1611 402 1685 appetitionem
413 1613 460 1670 eui
468 1631 526 1672 non
537 1619 651 1673 tentum
663 1631 721 1672 non
733 1620 960 1691 appentendum,
969 1621 1020 1677 sed

1070 645 1166 710 uobis,
1182 661 1240 700 nou
1256 648 1355 701 tumen
1371 646 1584 716 presumentes
1611 639 1714 700 1818
1742 638 1815 694 Nam
1841 631 1890 704 qui

1070 736 1230 806 presumit,
1246 733 1346 789 minua
1362 735 1486 800 veretur,
1511 730 1610 786 minus
1644 730 1794 802 precavct,
1824 721 1891 798 plue

1070 820 1253 893 periclitatur
1279 822 1314 877 ⁰⁶.
1335 821 1436 878 Timor
1450 819 1673 877 fundumentum
1704 815 1808 872 salutis
1836 817 1892 881 ast,

1071 910 1260 985 presumptio
1274 909 1521 983 impedimentum
1546 906 1663 964 timoris
1691 905 1756 977 (48).
1786 900 1893 959 Utilius

1071 1015 1149 1072 ergo,
1166 999 1191 1056 si
1207 1014 1361 1072 speremus
1375 1015 1433 1054 nou
1449 1013 1536 1070 possa
1552 995 1732 1068 delinquere,
1752 1007 1842 1065 quam
1867 989 1894 1045 ei

1071 1101 1274 1160 presumimus
1288 1103 1346 1143 uun
1363 1103 1468 1159 posee;
1489 1085 1636 1159 sperando
1664 1083 1744 1140 euim
1771 1079 1893 1136 timebi-

1072 1192 1149 1242 mus,
1164 1175 1296 1232 timendo
1308 1175 1485 1242 cavebimus,
1509 1174 1637 1230 cavendo
1661 1171 1734 1228 salvi
1757 1168 1894 1236 orimum

1072 1264 1212 1320 contrusi
1229 1279 1443 1336 presumimus
1462 1277 1558 1336 nequa
1573 1261 1703 1318 timendo
1727 1273 1823 1330 nequa
1841 1271 1894 1312 oa·

1071 1352 1178 1416 vendo,
1194 1351 1313 1408 diillcile
1323 1351 1396 1409 salvi
1411 1351 1532 1407 erimus.
1546 1350 1600 1417 Qui
1614 1363 1736 1406 securus
1746 1348 1819 1419 egit,
1835 1360 1895 1400 uon

1073 1445 1118 1498 est
1133 1440 1348 1509 sollicitus,ucn
1362 1440 1494 1513 possidet
1504 1444 1598 1496 tutam
1608 1441 1638 1494 et
1650 1437 1765 1494 lirmam
1781 1434 1897 1491 mouri·

1074 1533 1175 1586 tatem.
1193 1533 1231 1586 et
1245 1528 1453 1602 quisollioitus
1476 1532 1531 1595 eat,
1554 1528 1579 1584 is
1604 1541 1671 1582 vere
1695 1524 1803 1598 poterit
1830 1537 1898 1578 esse

1074 1634 1206 1675 securus.
1231 1620 1266 1674 lit
1288 1619 1324 1676 de
1348 1617 1410 1674 suis
1425 1617 1543 1690 quidem
1555 1615 1648 1673 servis
1676 1612 1820 1670 Dominus
1844 1627 1896 1684 pro

194 1700 284 1758 etism
298 1703 506 1758 exterrendum
518 1703 600 1761 vobin
615 1705 716 1762 scietis
731 1723 738 1760 ε
755 1707 850 1781 primo
866 1709 943 1780 quod
959 1725 1018 1765 non
1076 1707 1277 1765 misericordie
1292 1724 1346 1764 aua
1360 1711 1453 1774 curat,
1479 1710 1512 1762 ut
1526 1705 1615 1762 etiam
1638 1717 1815 1775 presumere
1838 1699 1898 1756 illie

196 1789 790 1864 deintegraequecieutiavcnitstudium
807 1795 940 1867 placendi
970 1754 1061 1870 perB
1076 1795 1203 1852 debono
1236 1812 1290 1853 suo
1319 1795 1442 1852 feliciter
1471 1793 1570 1851 liceat.
1599 1792 1784 1857 Quideutem
1813 1786 1898 1844 alteri

196 1878 341 1950 decorem,
366 1893 454 1951 quem
481 1880 656 1939 naturaliter
682 1883 866 1941 invitatorem
889 1884 1021 1943 libidinis
1076 1883 1433 1958 periculosumuetquitl
1449 1883 1531 1940 elteri
1548 1879 1819 1953 concupiscentiam
1844 1877 1899 1932 im-

196 1965 393 2039 soimus;quid
408 1967 500 2042 igitur
514 1969 544 2026 iu
559 1974 588 2028 te
602 1971 710 2029 excitas
726 1972 838 2029 malum
850 1973 1021 2041 istudtouid
1076 1979 1230 2047 portamus
1244 1972 1258 2029 i
1273 1989 1362 2046 quam
1379 1973 1403 2029 si
1421 1971 1562 2028 Dominus
1586 1967 1754 2040 empliaudo
1770 1966 1865 2039 legem
1881 1981 1898 2020 a

198 2055 619 2128 invitaecuiustaproiiteris
642 2061 914 2118 extraneemi'l'um
943 2063 1021 2136 quod
1077 2061 1151 2119 iectu
1166 2061 1261 2134 stupri
1289 2077 1348 2117 nun
1376 2058 1700 2133 discernitlnpoeue“,
1729 2055 1829 2112 nescio
1860 2071 1899 2109 eu

197 2143 411 2200 tentationibus
436 2145 514 2201 viam
543 2147 656 2218 aperire
679 2165 737 2206 nou
764 2151 917 2217 debemus,
956 2167 1021 2224 que
1075 2150 1197 2222 impune
1213 2150 1329 2221 babeat,
1345 2165 1409 2222 que
1424 2148 1510 2205 elicui
1537 2147 1624 2204 luerit
1642 2161 1733 2202 cauea
1758 2141 1903 2216 perutiles

200 2247 416 2306 nonnunquam
445 2234 523 2307 quod
549 2234 626 2292 Deus
653 2237 861 2312 asuisebigat
884 2240 1021 2297 instando
1076 2240 1122 2296 nis
1150 2239 1218 2311 (49).
1238 2238 1317 2294 Perit
1344 2237 1424 2295 euim
1453 2236 1502 2294 ille
1526 2235 1614 2294 simul
1629 2235 1660 2291 iu
1675 2232 1847 2299 tuaiorma,
1873 2229 1898 2286 si

198 2322 364 2394 perficiunt,
395 2326 473 2380 certe
500 2321 545 2381 vel
573 2325 711 2399 spiritum
740 2327 879 2386 scandalo
903 2344 1022 2402 permc·
1077 2327 1258 2400 concupierit
1271 2327 1304 2396 ⁸⁶,
1320 2331 1349 2384 et
1362 2326 1484 2384 admisit
1494 2327 1558 2399 jem
1570 2325 1600 2381 in
1615 2323 1725 2390 auimo,
1737 2320 1817 2396 quod
1832 2335 1901 2376 con·

906 2459 1007 2521 Varie
1029 2459 1189 2522 lectiones.

235 2578 258 2616 ⁸¹
274 2579 334 2651 lup.
349 2596 414 2652 que
429 2597 488 2639 uon
503 2581 547 2636 vel
562 2581 670 2638 idcireo
684 2597 715 2638 se
731 2581 849 2654 expingi
864 2586 965 2640 curet?
978 2587 1007 2640 et
1027 2586 1114 2656 neget
1129 2583 1316 2666 appetitum?
1328 2584 1351 2620 ⁸³
1388 2585 1452 2654 ltiq,
1467 2581 1606 2655 quoniam
1620 2579 1753 2652 perlectae
1769 2577 1819 2661 5:⁰·
1834 2575 1903 2662 uer.

201 2649 358 2722 pudicitie,
370 2668 438 2726 app.
454 2658 509 2709 etc.
520 2655 628 2710 ceteris
642 2654 731 2710 uerbis
745 2655 863 2710 omissis.
900 2654 999 2725 illliq.
1025 2657 1100 2711 Nam
1129 2670 1180 2727 qui
1208 2655 1371 2728 presumit,
1392 2654 1567 2726 minuajaua
1584 2656 1905 2722 veretur;qu1mruus

202 2726 319 2778 veretur
334 2723 433 2780 minue
457 2729 599 2798 preesset
638 2725 686 2797 qui
713 2724 812 2781 minus
840 2731 981 2797 preesset
1008 2725 1076 2799 plus
1104 2725 1297 2798 periclitetur.
1334 2723 1728 2797 ⁸¹Cod.1lpot.quasiDeus
1753 2737 1811 2777 noo
1837 2735 1903 2774 am-

224 2791 323 2851 liando
337 2793 432 2869 legem
447 2812 464 2852 e
479 2797 554 2853 iacto
569 2797 665 2868 stupri
679 2795 946 2870 concupiscentiam
961 2813 1019 2854 auu
1034 2797 1204 2854 dicernetin
1221 2815 1315 2871 pisae.
1352 2798 1376 2835 ⁸⁸
1386 2799 1481 2856 Simul
1497 2801 1622 2854 uttuam
1638 2794 1764 2850 formam
1778 2806 1903 2862 concup.

202 2810 276 2939 iu„
292 2873 339 2939 qut
352 2869 438 2926 ιιίιιιι
452 2867 554 2926 deleuit
564 2884 607 2925 uu.
621 2881 684 2939 quae
697 2875 859 2940 sequuntur,
875 2875 904 2925 et
918 2869 1084 2927 admisit-
1097 2869 1273 2942 concupivit.

919 2987 1181 3050 Commentarius.

206 3089 263 3147 ties
279 3105 345 3148 sese
358 3091 610 3157 dissolvatuoucd
623 3093 762 3165 explicari
774 3109 831 3150 uon
847 3093 1030 3151 incommode
1084 3094 1223 3166 spiritum
1240 3093 1286 3148 llai
1301 3092 1412 3149 habent
1426 3091 1539 3174 lideles·
1552 3107 1602 3148 eeu
1633 3089 1737 3174 sancti.
1756 3087 1861 3161 ltaque
1878 3085 1906 3142 ei

207 3162 353 3230 viduetur,
369 3163 393 3219 si
410 3165 477 3235 quis
493 3164 539 3220 bic
552 3167 691 3222 ambitum
715 3164 772 3220 dici
793 3165 873 3230 velit,
888 3167 966 3237 quud
981 3182 1030 3221 su·
1085 3165 1155 3238 quid
1172 3167 1330 3221 admittant
1357 3180 1374 3220 e
1390 3165 1479 3235 ιιιιιΙο,
1495 3163 1633 3236 spiritum
1645 3162 1696 3219 Dea
1723 3161 1905 3242 permovent.

207 3249 260 3306 pro
274 3233 473 3292 Tertullianus
486 3235 549 3308 ipse
563 3237 734 3309 superficiem
759 3236 841 3305 dixit,
856 3253 963 3309 corpus
985 3237 1030 3292 vi·
1084 3237 1234 3309 spiritum,
1250 3251 1337 3308 quem
1351 3235 1503 3292 eDcmino
1513 3249 1677 3318 sumpsere,
1694 3231 1844 3289 asculana
1864 3227 1907 3285 rel

208 3302 417 3379 delicateque
431 3307 526 3379 ipsius
541 3309 672 3381 eorporis
687 3313 948 3377 ornamentaque
963 3309 1026 3364 eui·
1085 3309 1180 3380 gratia
1194 3308 1376 3364 concutiunt.
1394 3329 1408 3360 u
1425 3308 1493 3364 Lata
1507 3312 1597 3380 atque
1610 3306 1716 3362 daliusa
1731 3309 1782 3388 est·
1800 3317 1905 3375 opere-

175 3401 190 3414 ·
209 3391 293 3432 mum
308 3378 443 3434 ambiunt
459 3383 487 3434 et
499 3381 637 3436 vestiunt.
651 3379 690 3434 De
703 3380 845 3452 pudicitia
862 3378 1031 3436 Christiana
1046 3416 1067 3483 c
1086 3379 1127 3435 tio
1144 3379 1227 3460 mali,
1238 3377 1413 3451 multiplicia
1427 3379 1549 3505 spiritus
1560 3379 1750 3462 incitementa
1770 3373 1908 3446 Jeeuleu·

207 3447 336 3517 disserit,
351 3465 475 3521 eamque
488 3450 591 3523 gentili
607 3451 807 3522 perlectiorern
822 3467 886 3506 esee
898 3456 1030 3522 oportere
1087 3452 1146 3516 lis;
1165 3473 1179 3501 ιι
1204 3467 1247 3506 sic
1269 3451 1332 3523 ipse
1348 3450 1445 3505 Tertul
1459 3466 1545 3506 renus
1570 3450 1711 3530 loquitar,
1730 3445 1785 3528 lib,
1799 3446 1833 3500 de
1854 3445 1908 3526 Pe·

208 3518 343 3574 ostendit.
359 3525 462 3592 ltaque
477 3521 615 3593 gentilem
632 3523 804 3592 pudicitiam
821 3523 892 3578 adeo
914 3539 1027 3594 persor·
1086 3525 1225 3578 tientiuct
1237 3521 1289 3577 lib.
1309 3521 1342 3577 de
1357 3522 1538 3594 Spectaculis.
1557 3539 1569 3570 ι
1590 3521 1677 3589 Deua,
1703 3521 1812 3590 inquit,
1842 3516 1907 3586 Spr-

211 3605 274 3645 sam
291 3603 356 3646 esse
383 3592 425 3647 ait
452 3597 485 3648 ut
498 3592 566 3648 licet
577 3592 694 3648 animus
710 3597 797 3648 tenax
823 3594 853 3647 iu
882 3594 1030 3665 pudicitie
1085 3593 1176 3650 ritum
1205 3597 1352 3660 sanctum,
1376 3599 1477 3666 utpote
1503 3608 1555 3666 pro
1583 3596 1694 3648 nature
1722 3591 1800 3672 bonu
1825 3591 1906 3644 teue-

209 3675 361 3731 nnnquam
378 3632 519 3719 viciaudae
535 3663 682 3734 proposito
698 3669 871 3735 perseveret,
894 3663 959 3736 ipae
986 3669 1031 3721 ta·
1085 3681 1153 3721 rum
1181 3669 1210 3720 et
1237 3664 1407 3735 delicatum,
1429 3661 1652 3737 tranquillitate,
1668 3667 1696 3718 el
1712 3660 1856 3743 'lenitate
1881 3660 1909 3740 et

213 3746 279 3786 mon
310 3732 452 3804 pudicitia
475 3732 505 3789 iu
542 3735 672 3806 corporis
701 3734 850 3793 excolendi
888 3751 1031 3792 exornau-
1086 3737 1192 3806 quicto,
1203 3738 1233 3792 et
1246 3752 1316 3810 pace
1331 3741 1455 3792 tractare
1466 3736 1613 3818 precepit.
1630 3757 1645 3785 u
1660 3734 1770 3789 Idcirco
1793 3729 1909 3814 placuit

210 3801 301 3872 dique
318 3803 1031 3880 licentiasitasaeedissolvatetfrangatutrem
1086 3807 1226 3863 liliberiui
1250 3806 1367 3865 concilii
1397 3807 1532 3864 Patribus
1561 3822 1660 3864 cereus
1690 3819 1743 3878 per
1770 3802 1850 3886 dinem
1877 3817 1906 3881 ru

209 3877 329 3946 appetat
356 3876 442 3946 cujus
466 3876 577 3934 devitet
597 3876 745 3941 eliecturn,
768 3877 888 3949 bocest,
918 3879 1032 3952 placere
1086 3879 1253 3935 cemeterio
1282 3895 1341 3935 nou
1370 3878 1578 3947 incendi,can.
1604 3877 1658 3934 33:
1679 3898 1693 3927 a
1721 3871 1907 3958 luquieteudl

209 3948 340 4017 appetet,
355 3951 384 4003 et
394 3947 624 4005 adolescentium
641 3954 707 4022 post
720 3965 752 4004 se
773 3951 902 4023 suspiria
917 3950 1033 4006 trabere
1086 3951 1164 4006 enim
1180 3950 1302 4024 spiritus
1318 3955 1489 4007 sauctorum
1502 3966 1560 4006 nun
1575 3954 1655 4005 sunt.
1671 3970 1685 3998 u
1703 3949 1907 4018 inquietentur

210 4017 348 4090 gaudeat,
373 4033 440 4075 cum
466 4024 565 4076 lamen
589 4019 833 4088 elicuelrbidim,
859 4039 946 4094 quem
968 4023 1033 4095 ipse
1087 4028 1185 4078 eutem
1200 4023 1258 4078 ritu
1287 4023 1408 4106 prulauo
1428 4029 1458 4079 et
1479 4019 1592 4095 gentili.
1620 4021 1693 4076 Nam
1726 4021 1907 4098 pernoctem

212 4088 551 4160 excitavit,suocumbere
566 4091 649 4148 nolit.
665 4091 730 4148 liro.
1087 4093 1206 4164 quidem
1223 4091 1309 4164 nulli,
1323 4093 1439 4167 opinor,
1466 4109 1553 4166 greve
1567 4095 1618 4148 eut
1633 4090 1787 4146 molestum
1811 4087 1909 4170 luerit,

246 4161 302 4232 (45)
317 4161 404 4229 Quoto
430 4161 692 4234 acciperentque
729 4178 764 4218 ne
789 4162 898 4234 placere
922 4165 1034 4233 quidem
1089 4181 1157 4222 cum
1181 4166 1221 4223 sit
1245 4163 1341 4238 pleae,
1365 4171 1394 4220 et
1416 4164 1539 4222 luminis
1561 4162 1676 4246 solatio,
1706 4165 1735 4216 et
1761 4160 1908 4242 pudicitie

209 4234 539 4305 eetreucieconeupiecct.
553 4236 645 4301 Quota
659 4242 714 4300 est,
729 4233 835 4305 iuquit,
860 4234 1033 4306 pudicarum
1086 4237 1254 4293 testimonio
1269 4237 1478 4296 necessarium.
1500 4237 1540 4293 lle
1552 4249 1644 4291 ocreis
1666 4239 1695 4288 et
1715 4231 1847 4314 lucernis
1861 4245 1912 4302 per

209 4300 297 4358 hodie
311 4302 556 4370 Christianarum,
580 4322 643 4376 que
659 4309 718 4360 tem
734 4307 901 4362 austerasit
915 4312 943 4362 et
958 4305 1034 4362 aerio
1087 4307 1165 4364 diem
1192 4308 1323 4364 accensis
1346 4309 1490 4366 nonnulla
1513 4304 1737 4364 observabimus
1761 4303 1816 4358 lib.
1832 4319 1854 4358 ιι
1876 4299 1910 4356 nd

116 4385 120 4392 ’
209 4373 320 4443 pudica
358 4378 392 4430 ut
419 4391 456 4432 ne
478 4374 592 4448 placere
608 4376 727 4450 quidem
756 4380 901 4433 extraneis
928 4393 1033 4434 coucu·
1090 4379 1219 4450 lleorem,
1237 4379 1271 4435 ad
1288 4378 1416 4434 illud:«
1431 4380 1464 4435 lit
1480 4379 1617 4452 procedet
1630 4377 1765 4447 dejenue
1777 4374 1910 4430 laurente

212 4418 331 4515 piscati
358 4461 423 4518 que
453 4463 509 4503 noa
539 4454 622 4504 curet
646 4464 677 4503 se
691 4445 806 4520 expingi
832 4452 860 4504 et
887 4449 1032 4517 exornari,
1088 4454 1117 4506 et
1131 4449 1291 4514 lucernale,
1308 4454 1341 4505 ut
1355 4451 1391 4507 de
1405 4467 1479 4508 novo
1493 4448 1666 4509 consistorio
1682 4445 1839 4504 libidinum
1854 4461 1909 4516 pu·

212 4514 390 4586 velidcirco,
433 4518 517 4575 utiis
546 4517 681 4591 placeat?
700 4519 794 4584 Ouote
823 4518 950 4646 denique
977 4523 1033 4590 est,
1088 4519 1243 4578 blicarum.
1263 4541 1274 4570 ι
1292 4521 1355 4576 litu.

213 4602 277 4658 que
310 4604 416 4662 aegere
444 4589 523 4656 velit,
560 4595 611 4646 aut
640 4605 729 4662 quam
764 4606 821 4645 non
851 4607 888 4662 pu
912 4595 959 4648 eat
984 4608 1035 4648 ue·
1124 4593 1180 4665 (48)
1203 4593 1386 4664 presumptio
1412 4591 1638 4664 impedinuntum
1670 4589 1786 4646 timoris.
1816 4587 1910 4670 drgo·

212 4671 282 4728 gare
296 4675 328 4716 se
352 4676 483 4787 uuquam
500 4660 591 4717 luisse
605 4661 791 4734 appetitam?
806 4677 986 4734 quamquem
1001 4677 1036 4719 aa
1089 4669 1220 4720 mentum
1237 4664 1303 4723 boc.
1319 4679 1408 4736 quem
1419 4664 1603 4720 necessarius
1618 4662 1657 4718 sit
1680 4660 1767 4715 timor
1795 4662 1845 4740 liei
1871 4656 1908 4712 ad

213 4730 254 4784 eit
276 4733 304 4786 et
318 4732 396 4803 genti
412 4731 474 4788 ium
490 4732 641 4804 pudicitia.
669 4736 700 4786 ut
725 4748 780 4787 nou
797 4733 915 4803 quidem
941 4733 1034 4790 delia·
1089 4735 1213 4792 salutem
1233 4736 1482 4806 consequendam,
1505 4738 1611 4792 tractat
1629 4733 1752 4813 Prosper
1770 4731 1907 4810 equuteo.

213 4806 316 4870 quent,
333 4807 462 4859 etiamen
490 4821 523 4860 eo
539 4821 569 4860 ee
584 4803 686 4859 bebitu
702 4803 858 4860 exhibeant
874 4847 881 4872 ,
898 4810 930 4862 ut
962 4803 1035 4861 vrlle
1049 4781 1073 4847 Ῑ)
1088 4805 1141 4863 lib.
1159 4822 1192 4862 ιιι
1205 4808 1237 4864 cle
1254 4807 1312 4864 Vita
1329 4807 1474 4878 contempl.
1488 4821 1551 4878 cap.
1570 4806 1598 4860 ll
1615 4820 1622 4872 ;
1647 4802 1697 4859 ubi
1713 4801 1909 4884 etramloqua·

211 4869 367 4929 videantur
390 4875 468 4946 quod
484 4874 580 4931 nolint
595 4895 602 4944 ;
620 4875 661 4930 eis
682 4874 832 4936 incedant.
856 4881 889 4931 ut
917 4875 1034 4932 incessu
1090 4882 1189 4933 tunde
1204 4875 1618 4951 timorecumoppositiuncad
1635 4877 1907 4957 presumptionem.

214 4940 278 5014 ipso
293 4944 434 5017 cultuque
448 4963 507 5003 uon
521 4945 666 5020 denegent
697 4947 753 5003 uod
775 4947 951 5020 promittunt
978 4947 1033 5003 im·
1089 4953 1121 5003 ut
1136 4947 1184 5005 hic
1199 4948 1399 5006 Tertullianus
1411 4966 1420 5018 ;
1433 4948 1475 5004 eit
1488 4948 1567 5004 euim
1582 4947 1718 5003 homines
1746 4959 1865 5000 cessare
1892 4958 1909 4998 a

211 5013 337 5086 pudice.
359 5016 434 5073 Tum
463 5017 594 5082 ingerit:
617 4962 693 5084 uoti
730 5017 870 5074 mirum?
898 5034 1034 5090 perverse
1087 5019 1464 5093 timoreDsi‚illectosspe
1490 5023 1676 5093 presumpte
1699 5013 1904 5089 impunitatis.

211 5090 283 5142 cunt
296 5087 396 5144 omniu
410 5105 474 5162 que
489 5090 539 5147 Dei
558 5107 614 5146 uon
630 5092 709 5146 eunt.
721 5089 781 5145 llic.
1087 5091 1156 5147 Lac.

252 5159 307 5230 (46)
337 5159 404 5229 oce
431 5177 486 5217 non
509 5163 576 5218 velit
600 5160 701 5216 ideirco
729 5176 757 5216 se
785 5160 943 5230 expingere.
979 5160 1031 5215 ilr-
1122 5162 1177 5232 (49)
1194 5162 1282 5231 Quum
1296 5164 1322 5218 si
1334 5163 1415 5230 licus,
1426 5159 1586 5234 ampliando
1602 5157 1701 5230 legem,
1716 5175 1734 5214 u
1748 5157 1829 5230 lucto
1852 5165 1908 5211 ιιι-

208 5228 273 5308 guit
288 5230 336 5286 hio
352 5231 567 5289 medicamenta
582 5236 610 5288 et
624 5233 722 5288 fucum
739 5247 825 5304 quem
852 5231 1033 5288 adhibebant
1083 5234 1131 5304 pri
1144 5249 1200 5289 noc
1214 5233 1407 5305 lteeicpucrtu
1420 5249 1512 5304 peno,
1529 5233 1616 5290 nescio
1632 5247 1669 5287 nc
1683 5232 1797 5312 impune
1811 5228 1909 5311 babeat

208 5301 346 5362 mulieres
362 5308 394 5359 ut
410 5303 534 5361 ultorem
551 5303 607 5360 sibi
623 5301 821 5371 conciliarent,
838 5307 926 5374 atque
940 5301 969 5358 in
985 5318 1031 5372 eo,
1085 5319 1145 5374 que
1160 5305 1248 5360 alicui
1273 5305 1364 5375 tuerit
1385 5321 1471 5361 ccum
1492 5303 1666 5374 perditionis.
1683 5299 1846 5384 Amplravit
1868 5299 1908 5354 le·

209 5379 242 5430 ut
255 5375 343 5432 babet
357 5374 491 5431 Clemens
507 5375 597 5440 Alex..
623 5375 730 5446 Poeduq.
745 5391 786 5440 ιιι,
802 5389 866 5444 cap.
880 5375 907 5439 2.
932 5391 1029 5430 rerum
1085 5390 1152 5446 gem
1168 5375 1301 5432 Christus
1312 5391 1379 5432 euru
1395 5376 1454 5433 eit:
1470 5376 1592 5432 Audistis
1606 5375 1673 5446 quic
1687 5373 1792 5454 ductum
1806 5379 1846 5427 eu
1858 5385 1908 5454 ιιι·

209 5448 343 5505 omnium
360 5445 492 5517 opiticum
509 5464 539 5502 re
562 5445 875 5512 rebendcravidentnr,
897 5445 948 5518 qui
971 5463 1028 5502 non
1083 5448 1191 5516 siquis:
1219 5449 1280 5502 lton
1312 5447 1583 5518 cuissiacenses
1613 5459 1678 5501 uero
1708 5444 1769 5499 deo
1810 5443 1906 5499 cetu:

208 5518 284 5576 satis
301 5515 530 5590 pulchritudinis
542 5464 666 5590 iargitua
677 5516 725 5571 sit.
748 5521 787 5570 te
805 5520 858 5571 Pe.
1084 5517 1244 5590 Quicunque
1274 5519 1528 5588 espicitmuiierem
1567 5519 1599 5574 ut
1627 5514 1814 5589 concupiscat,
1852 5517 1904 5570 ete.

244 5588 301 5661 (47)
316 5589 397 5646 certe
422 5587 470 5644 uel
491 5589 592 5661 spirutu
616 5585 779 5644 scandulum
796 5593 950 5655 pemsouect
977 5585 1030 5658 (ita
1082 5585 1147 5647 litu.

209 5657 297 5731 Raab.
321 5658 465 5732 Spiritum
497 5657 679 5728 concutiunt,
713 5654 888 5728 inquietant.
915 5657 1028 5716 bitenius
1117 5661 1227 5720 -lloc
1240 5659 1504 5735 ampliusculeqm.
1519 5657 1565 5718 Sic
1576 5656 1629 5718 lib.
1639 5657 1672 5718 de
1690 5655 1769 5716 Orat.
1781 5653 1904 5716 «liaeus
