4152 6192
242 339 321 402 isio
505 335 770 401 rseruiiiiui
792 333 952 399 crescii
977 335 1078 398 iens
1101 333 1125 396 i.
1145 368 1184 380 -
1200 333 1338 400 sanies
1360 337 1400 413 11,
1422 308 1664 400 nocuerim.
1872 335 1950 398 reso

241 474 356 546 tuagies
370 471 478 546 septies
494 471 599 545 (dciii.
612 469 1065 543 xiiithquisjudioium¹⁰cum
1081 469 1307 538 iuramentum
1336 469 1403 543 (71),
1433 469 1591 526 Christiani
1620 469 1749 526 nominis
1776 469 1947 526 thesaurum
2057 477 2058 530 ζ

243 560 408 621 adversario
433 577 484 618 suo
507 559 637 634 dirigens
660 559 738 632 (Luc.
761 575 807 629 νη
835 559 927 615 diiii.
953 559 992 629 v),
1019 572 1069 614 ne·
1122 574 1212 629 quam
1226 557 1384 633 Apostolus
1399 559 1469 618 totis
1483 558 1596 616 viribus
1611 559 1704 617 sancti
1723 557 1853 631 Spiritus
1867 575 1947 615 com-

242 652 355 728 gotium
377 649 580 710 convenientia
603 648 696 705 solvet
709 648 777 721 (oi),
806 647 863 705 nisi
878 647 961 721 prius
977 644 1069 704 animi
1124 648 1253 718 mandat,
1267 649 1351 722 cujus
1367 647 1424 705 nisi
1439 648 1588 722 patientie
1608 647 1775 720 disciplinis
1790 645 1948 704 eruditur?

242 739 384 808 dolorem,
412 737 563 808 duritiem,
589 736 827 806 amaritudinem,
852 751 941 793 ianas
958 734 1070 792 scilicet
1123 737 1621 812 Dilectio,inquit,muquoiiimiieet
1636 737 1703 809 (72).
1719 737 1762 794 lta
1776 735 1948 809 patientiam

241 825 961 902 impatientiaamputarit?Quomodoremittes,
978 829 1068 880 stre·
1123 827 1225 884 sumit.
1247 828 1368 898 Bautica
1391 836 1450 892 eit:
1475 827 1587 884 malum
1611 825 1753 902 patientia
1779 842 1838 882 non
1867 825 1946 882 lacit.

243 915 487 986 initieturtibi,si
502 915 712 986 tenaxinjuriae
722 931 773 987 per
781 914 944 971 absentiam
957 913 1068 987 patien·
1122 916 1182 973 Noii
1195 917 1362 986 aemulatum
1377 916 1407 973 id
1423 916 1543 990 quidem
1569 914 1711 989 patientia
1725 913 1876 988 proprium
1891 919 1946 971 ast.

242 1004 290 1064 tia
304 1004 418 1062 rueris?
441 1005 532 1060 Nemo
556 1003 715 1060 convulsus
739 1003 872 1060 animum
896 1003 926 1059 in
949 1003 1067 1059 tratrem
1123 1005 1345 1076 Niceroterium
1365 1005 1458 1077 sopiti
1482 1003 1658 1061 modestiam
1675 1004 1710 1059 de
1733 1002 1875 1076 patientia
1888 1007 1947 1060 tra·

243 1111 332 1152 suum
357 1109 466 1151 munus
493 1092 597 1151 iuss
628 1093 705 1166 apud
730 1093 820 1148 altare
845 1092 988 1165 perficiet,
1010 1092 1072 1152 nisi
1123 1091 1174 1149 xit.
1193 1097 1257 1151 Noa
1281 1095 1397 1165 inflatur
1418 1110 1475 1152 oon
1499 1094 1616 1167 proterit
1639 1092 1947 1166 (73)¹¹:120ttnon

243 1185 326 1258 priua
341 1182 556 1241 reconciliando
580 1183 663 1238 tratri
678 1198 813 1238 reversus
838 1184 875 1238 ad
897 1183 1069 1254 patientiam
1124 1182 1201 1239 enim
1217 1183 1254 1238 ad
1277 1182 1449 1256 patientiam
1472 1181 1608 1256 pertinet.
1633 1183 1686 1238 Nec
1704 1198 1755 1238 iiio
1778 1183 1909 1255 requirit,
1924 1181 1949 1237 si

242 1274 341 1330 tuerit.
358 1273 414 1330 Sed
429 1287 517 1345 super
541 1272 614 1327 iram
638 1274 769 1328 nostram
786 1270 810 1326 si
826 1270 977 1340 occiderit,
992 1273 1068 1344 peri·
1123 1271 1208 1328 offert
1223 1287 1278 1328 sua
1293 1273 1324 1341 ¹⁸,
1341 1273 1413 1329 dum
1426 1272 1511 1329 alteri
1526 1272 1620 1345 prosit
1635 1287 1642 1328 ι
1656 1287 1705 1327 iiec
1724 1271 1876 1334 incitetur:
1892 1287 1948 1328 cm·

243 1362 390 1420 clitumur.
412 1361 476 1418 Non
500 1359 568 1416 licet
593 1358 677 1415 nobis
694 1375 753 1415 una
779 1359 826 1414 die
849 1358 912 1415 sine
928 1359 1069 1432 patientia
1123 1359 1250 1417 terum¹¹
1266 1360 1739 1436 quidimpatientiiereliquisset‘l
1753 1361 1826 1428 idco,
1840 1359 1947 1434 inquit,

243 1466 372 1507 manere.
392 1453 431 1504 At
454 1447 530 1506 enim
552 1464 620 1503 cum
636 1463 751 1503 omnem
774 1448 902 1521 speciem
927 1448 1067 1507 salutarie
1121 1449 1231 1507 dilectio
1245 1451 1344 1508 omnio
1366 1453 1492 1524 sustinet,
1516 1451 1610 1508 omnio
1629 1450 1737 1520 toleret,
1761 1448 1864 1522 utique
1880 1448 1949 1522 quia

243 1537 405 1613 discipline
420 1539 564 1608 gubernet
581 1537 690 1608 (uphei.
707 1537 758 1609 iv),
776 1537 847 1609 quid
864 1537 973 1594 mirum
988 1541 1066 1611 quod
1121 1539 1249 1612 patiens.
1272 1539 1375 1598 Merito
1390 1556 1459 1614 ergo
1484 1556 1635 1613 nunquam
1651 1539 1783 1608 excidet,
1809 1555 1878 1595 nem
1893 1555 1948 1595 oei·

242 1626 515 1701 atiampmnitentie
525 1624 684 1698 ministrat,
694 1625 784 1682 solite
795 1625 886 1699 lapsis
899 1627 1065 1700 subvenire,
1120 1632 1181 1684 tere
1195 1629 1427 1702 evacuabuntur,
1442 1629 1741 1686 consummabuntur.
1758 1627 1948 1684 Exhauriun-

243 1734 322 1790 cum,
346 1717 495 1790 disjuncto
519 1715 714 1787 matrimonio,
731 1730 766 1771 ex
789 1731 823 1772 ca
846 1719 945 1773 tamen
966 1733 1065 1790 causa,
1119 1721 1168 1773 tur
1197 1718 1219 1756 ¹¹
1246 1717 1364 1793 linguei,
1394 1717 1532 1788 scientie,
1561 1717 1721 1792 prophetie
1746 1735 1754 1787 ;
1782 1719 1948 1791 parmanciit

242 1824 301 1882 qua
316 1807 385 1864 licet
400 1822 452 1864 seu
467 1805 539 1878 viro,
565 1821 616 1862 eeu
634 1805 749 1862 lemine
774 1803 810 1862 ad
834 1805 986 1863 viduitatis
1001 1822 1065 1879 per·
1083 1804 1196 1914 Bidos,
1210 1821 1282 1878 spei,
1302 1807 1431 1871 ditectio:
1457 1808 1542 1878 tides,
1558 1823 1647 1880 quam
1670 1805 1779 1865 Gbriiti
1804 1806 1946 1880 patientie

242 1895 437 1955 severantiam
453 1893 604 1962 sustineri,
615 1894 677 1952 haeo
693 1898 850 1965 exspectat,
864 1895 924 1951 bec
937 1899 1064 1968 exoptet,
1120 1893 1235 1952 induxit
1257 1912 1264 1952 ι
1290 1912 1368 1970 spes,
1392 1913 1482 1969 quam
1506 1896 1637 1955 bominis
1660 1897 1803 1970 patientia
1826 1911 1944 1971 exspec-

242 1985 305 2043 bec
318 1989 418 2044 exorat
429 1987 450 2022 ¹¹
467 1985 520 2056 (68)
536 1983 738 2057 pmnitentiam
754 1985 931 2056 quandoque
946 1985 1066 2042 inituris
1120 1988 1181 2054 tat;
1198 1984 1325 2055 dilectio,
1340 2002 1442 2058 quam,
1459 1987 1515 2044 beo
1531 1986 1685 2060 magistro,
1702 1985 1845 2060 patientia
1859 1985 1948 2042 comi·

242 2075 379 2134 salutem.
396 2077 541 2142 Quantum
560 2073 583 2109 ¹¹
606 2071 675 2130 boni
699 2073 816 2146 utrique
840 2073 971 2130 conferti
997 2072 1066 2131 alte·
1120 2075 1209 2130 tatur.

241 2181 308 2222 riim
324 2181 383 2222 non
397 2161 563 2220 adulterum
580 2163 602 2199 ¹¹
617 2161 763 2235 lecit(dit),
777 2162 903 2220 altorum
918 2163 1064 2220 emendat.
1425 2209 1542 2267 CAPUT
1562 2209 1626 2268 xm

177 2316 180 2322 ,
242 2250 1066 2325 SicatillisDominicarumsimilitudinumexemplisde
1629 2253 1636 2266 '

241 2341 508 2415 patientiasanctis
532 2341 626 2398 adest.
651 2341 808 2396 Erroneam
825 2356 908 2397 ovem
924 2339 1065 2413 patientia
1155 2341 1253 2416 Usque
1275 2342 1333 2400 buo
1357 2343 1393 2400 de
1418 2343 1558 2417 patientie
1581 2343 1703 2400 tandem
1718 2344 1740 2381 ¹¹
1764 2342 1893 2416 simplici
1917 2351 1945 2400 st

242 2432 370 2505 pastoris
386 2431 441 2504 (70)
456 2430 577 2503 requirit
596 2433 625 2486 et
649 2429 772 2486 invenit.
792 2429 866 2486 Nam
881 2429 1065 2502 impatientia
1120 2431 1271 2499 uniformi,
1300 2436 1329 2489 et
1357 2436 1473 2489 tentum
1496 2432 1527 2488 in
1551 2431 1650 2489 animo
1674 2432 1854 2500 coustituta;
1878 2447 1945 2489 cnm

242 2537 332 2578 unani
348 2519 431 2576 tacite
447 2524 654 2576 contemneret.
681 2519 737 2574 Sed
752 2516 882 2575 laborem
898 2518 1064 2592 inquisitio·
1119 2522 1222 2579 eadem
1250 2521 1272 2556 ²⁰
1297 2521 1386 2578 etiam
1409 2521 1440 2578 in
1465 2537 1597 2595 corpore,
1620 2521 1798 2578 demerendo
1819 2521 1945 2578 Domino

242 2609 288 2666 nis
303 2609 445 2682 patientia
460 2607 595 2680 suscipit,
611 2612 640 2663 et
663 2606 796 2663 humeris
811 2607 933 2679 insuper
948 2607 1065 2664 advenit
1120 2608 1322 2683 multipliciter
1336 2609 1488 2680 allaboret,
1499 2614 1601 2684 utpote
1611 2627 1675 2684 qum
1690 2611 1727 2668 ab
1738 2611 1803 2685 ipsc
1818 2609 1944 2666 Domino
2057 2685 2058 2688 Ἴ

242 2697 361 2770 bajulus
375 2698 489 2769 petiens
500 2695 690 2770 peccatricem
703 2695 881 2752 derelictam.
894 2696 980 2754 Illum
992 2713 1063 2770 quo·
1118 2699 1150 2755 in
1173 2699 1304 2774 corporis
1333 2715 1450 2773 quoque
1477 2699 1585 2756 virtute
1612 2700 1692 2756 edita
1712 2703 1767 2772 cst,
1797 2699 1945 2772 siqnidem
2057 2691 2058 2702 ’

241 2803 298 2860 que
313 2785 468 2859 prodigum
483 2784 578 2841 tilium
594 2784 735 2858 patientia
750 2785 842 2858 patris
862 2789 890 2842 et
906 2786 1019 2857 recipit,
1036 2791 1066 2842 et
1119 2793 1215 2846 rector
1226 2789 1344 2846 animus
1359 2787 1653 2846 lucileooinmunicat
1665 2787 1788 2862 spiritus
1799 2788 1944 2845 inuecta¹¹
2057 2779 2058 2784 ’

240 2875 337 2944 vestit,
354 2878 383 2932 et
397 2873 501 2947 pascit,
516 2879 545 2929 et
559 2873 636 2946 apud
651 2871 867 2945 impatientiam
884 2873 949 2931 irati
964 2873 1064 2932 fratris
1118 2894 1185 2934 oiim
1202 2876 1617 2950 babitaculosuo.0uaiigitur
1628 2877 1785 2951 negotiatio
1796 2877 1944 2951 patientie

240 2968 371 3024 excusat.
387 2962 490 3022 Salius
505 2967 549 3020 est
563 2963 654 3035 igitur
667 2965 719 3034 qni
734 2961 870 3036 perierat,
888 2964 956 3035 qnia
971 2963 1063 3036 poini-
1118 2966 1149 3024 in
1162 2967 1303 3040 corpore?
1316 2968 1348 3026 In
1363 2967 1467 3042 primis
1482 2965 1633 3025 afflictatio
1649 2966 1756 3038 carnis,
1778 2966 1876 3024 bestia
1886 2966 1945 3023 Do·

239 3055 363 3112 tentiam
389 3053 466 3110 iniit.
491 3052 665 3110 Paenitentia
688 3069 746 3110 non
769 3051 845 3125 parit
860 3052 894 3122 ¹¹,
918 3053 988 3124 quia
1012 3069 1063 3126 pa·
1118 3055 1197 3113 mino
1212 3056 1372 3130 placatoria
1387 3073 1438 3130 per
1452 3055 1945 3123 bumiliationissaeriilcium,cnm

241 3144 376 3201 tientiam
392 3141 511 3202 invenit.
527 3141 602 3199 Nam
617 3137 748 3214 dileetio,
763 3158 915 3199 summum
931 3142 998 3200 fidei
1016 3159 1063 3200 sa·
1119 3146 1221 3204 sordes
1236 3163 1304 3203 cuin
1318 3146 1457 3220 sngusds
1467 3145 1491 3182 ¹¹
1514 3146 1610 3204 rietus
1633 3143 1755 3203 Domino
1769 3145 1854 3216 libat,
1877 3161 1945 3202 eon-
2057 3213 2058 3218 γ

956 3287 1057 3350 Variae
1079 3287 1240 3353 lectiones.

276 3411 525 3484 ¹⁰QuisJ'ndicsm
552 3409 635 3466 Rieu.
686 3411 707 3445 ¹¹
726 3411 788 3467 Hac
813 3410 984 3468 exhortatur
1007 3413 1102 3469 Paria.
1156 3412 1345 3471 ¹¹Salutemi
1387 3418 1510 3470 uantum
1534 3416 1589 3470 ete.
1612 3413 1677 3470 turi.
1731 3411 1944 3469 ¹¹Adulterum

240 3501 298 3542 nou
323 3486 407 3540 truie.
432 3483 521 3538 Poris.
537 3483 601 3538 iuii.
655 3481 936 3539 ¹¹Pienitentianon
952 3483 1115 3557 pariitiuii.
1167 3485 1346 3542 ¹⁵Protervit
1367 3430 1454 3543 licii.
1480 3487 1573 3542 Puris.
1626 3483 1716 3540 ¹⁸Sod
1740 3483 1827 3542 elisit
1849 3486 1942 3540 tatia

240 3557 262 3592 ¹¹
278 3558 385 3612 Catero
407 3555 457 3611 uin
472 3555 564 3609 lotia.
617 3553 638 3589 ¹¹
660 3553 874 3610 ldxhaudentur
896 3556 961 3612 tuii.
1013 3553 1036 3592 ¹¹
1059 3557 1186 3614 Tantum
1210 3558 1274 3614 luit.
1327 3557 1349 3593 ¹⁰
1364 3557 1503 3616 idamdsm
1527 3556 1614 3614 ilisa.
1639 3556 1741 3627 Rigalt.
1793 3557 1817 3593 ¹¹
1832 3557 1944 3613 invicta

243 3627 347 3685 Wouw.
362 3571 416 3683 til.
453 3625 478 3661 ¹¹
492 3627 588 3693 Quum
603 3626 770 3697 angustiam
789 3626 888 3683 Wouw.
904 3626 957 3683 llS.

958 3763 1220 3826 Commentarios.

275 3883 331 3957 (67)
344 3885 489 3958 Negotium
502 3885 694 3941 conuenientia
716 3885 810 3942 sitiet.
836 3885 895 3943 Hoc
918 3891 973 3954 est,
988 3901 1059 3942 con·
1075 3893 1097 3960 (1
1116 3887 1236 3944 omnino
1252 3904 1259 3943 ε
1275 3891 1340 3944 Non
1361 3886 1441 3960 tacit,
1456 3901 1515 3942 non
1539 3884 1640 3957 mittit,
1654 3883 1759 3941 vedere
1783 3899 1843 3940 non
1859 3883 1940 3940 sinit.

238 3957 385 4024 ventione,
399 3961 484 4030 pacto
499 3955 655 4013 amicabili.
674 3955 738 4012 ilio.
1115 3958 1153 4016 Ut
1166 3957 1241 4016 libro
1256 3959 1292 4016 de
1306 3957 1396 4016 Pallio
1413 3975 1420 4014 ι
1437 3959 1505 4028 Quae
1526 3957 1562 4014 od
1582 3957 1664 4013 illum
1678 3972 1713 4012 eu
1726 3953 1815 4029 lydio
1828 3956 1943 4012 moti

273 4027 330 4100 (68)
344 4030 406 4084 ttiec
424 4031 544 4100 exoptat,
568 4028 628 4086 lisso
641 4031 746 4086 ecerat.
770 4027 916 4086 Patientia
938 4045 995 4086 non
1012 4045 1060 4086 so·
1114 4033 1193 4104 socii,
1209 4031 1264 4088 boo
1279 4035 1334 4100 est,
1350 4031 1438 4088 venit.
1455 4035 1518 4086 liic.

237 4099 300 4156 lum
315 4105 464 4173 exspectat
484 4104 571 4172 atque
590 4105 717 4172 exoptat,
742 4116 840 4157 iorum
862 4101 949 4157 etiam
965 4104 1059 4158 extor—
1150 4102 1206 4174 (70)
1228 4104 1369 4160 Patientia
1391 4103 1519 4176 poiioris.
1547 4099 1579 4155 ld
1603 4103 1649 4156 est
1670 4098 1791 4165 Christi,
1816 4097 1868 4170 qni
1889 4113 1939 4169 pa·

239 4177 309 4244 quet
323 4172 534 4243 peonitentiam,
545 4171 747 4244 boeest,cogit
762 4187 813 4228 eos
825 4189 899 4244 quos
914 4173 955 4230 sio
966 4189 1061 4245 equa·
1116 4176 1177 4230 stor
1191 4174 1538 4266 patientissimuslgnat.
1550 4171 1690 4243 Martep.
1701 4171 1738 4226 ad
1754 4168 1941 4241 Philadelpb.

238 4243 358 4299 nimiter
385 4244 499 4309 tolerat,
529 4243 564 4298 ad
591 4241 793 4314 paenitentiam
824 4245 999 4310 taciendam,
1029 4247 1062 4300 ut
1115 4263 1246 4318 ποιμενος
1275 4243 1440 4321 epicedion,
1519 4244 1586 4299 toria
1612 4242 1943 4314 manitutiaitmi.Gisg.

238 4312 396 4400 aliquando
420 4319 546 4372 salutem
570 4313 644 4369 inire
669 4313 793 4386 possint,
823 4323 851 4372 et
878 4317 946 4388 quia
967 4315 1060 4383 addit,
1115 4316 1183 4374 Naa.
1208 4321 1280 4374 orat.
1298 4321 1324 4387 l,
1345 4318 1422 4374 inter
1444 4316 1465 4372 G
1488 4313 1552 4372 risti
1576 4313 1787 4388 elogia,etiam
1810 4312 1867 4368 hoc
1888 4313 1944 4368 lia·

237 4387 329 4444 tolita
341 4387 426 4470 tapeti
439 4387 594 4452 subvenire,
607 4385 688 4458 loqui
703 4387 862 4443 videturde
873 4387 1059 4456 Christianis,
1115 4388 1174 4446 bat.
1192 4389 1238 4446 Sic
1254 4394 1315 4447 eta
1332 4389 1417 4446 Patro
1440 4385 1570 4462 Chrysei·
1595 4401 1682 4442 serm.
1698 4386 1727 4440 6,
1751 4383 1947 4442 cbristusdi·
2057 4429 2058 4434 ,

237 4458 374 4542 senuviris
385 4475 437 4514 seii
449 4459 577 4542 leminis,
591 4459 641 4530 qui
654 4474 685 4514 se
697 4457 823 4540 ethnicis
833 4461 863 4514 in
875 4459 1061 4516 matrimonio
1116 4461 1192 4545 citur
1205 4466 1309 4587 foetor
1336 4463 1501 4550 mieiricors,
1521 4461 1628 4530 detque
1651 4456 1747 4514 eidam
1771 4455 1949 4530 mntem

236 4528 687 4658 iiiiiiii¹·,tiir¹iiiiiii
703 4533 1061 4660 reiteraretur
1115 4532 1602 4676 cirecestrae
1628 4606 1845 4681 ΝΜ
1873 4597 1948 4662 Ν

238 4674 435 4758 persuaderet,
452 4689 540 4756 quam
557 4671 770 4745 amplexusille
785 4675 920 4756 servabat
932 4692 941 4740 3
957 4674 1062 4732 mulier
1116 4691 1149 4730 ie
1174 4675 1237 4758 'solta
1259 4675 1378 4733 exbibet
1400 4678 1430 4732 in
1450 4691 1482 4732 se
1506 4693 1537 4727 ου
1559 4663 1666 4742 libini
1690 4685 1794 4727 omues
1817 4674 1953 4726 virtutes

239 4757 305 4798 iero
319 4749 521 4816 poenitentiam
536 4745 651 4817 egebat,
676 4749 764 4817 atque
780 4761 862 4816 prius
886 4747 994 4802 iactum
1009 4760 1060 4802 aa·
1115 4746 1306 4803 Christianae.
1323 4745 1388 4803 Hic.

237 4811 335 4886 piabat
351 4817 428 4886 apud
444 4815 613 4886 Ecclesiam,
625 4816 712 4900 Juxta
727 4817 815 4872 ritum
827 4820 891 4889 ejus
902 4818 1060 4901 temporis;
1151 4817 1206 4890 (72)
1222 4819 1345 4886 ditectio,
1370 4817 1475 4889 inquit,
1499 4813 1684 4893 inogaomiiiie
1708 4819 1758 4868 eit.
1787 4809 1951 4896 Paulinum

238 4888 324 4956 atqua
339 4885 394 4942 hoc
408 4893 453 4944 est
488 4890 542 4944 uod
553 4898 705 4958 sequitur:
720 4889 890 4954 «Quantum
907 4890 976 4945 boni
987 4889 1060 4945 utri·
1114 4890 1250 4957 verbum,
1268 4909 1322 4964 μακ
1342 4889 1446 4962 οθυμεῑ,
1463 4887 1548 4943 vertit
1562 4882 1773 4950 Tertullianus,
1794 4899 1954 4955 mogun·

237 4973 295 5029 que
308 4961 436 5014 conteri!
456 4905 579 5041 ultorem
591 4959 757 5042 adultequin
770 4976 825 5042 non
835 4961 921 5042 tacit,
934 4961 1061 5018 alterum
1115 4962 1168 5018 mie
1182 4967 1240 5030 eit,·
1255 4908 1338 5036 quel
1348 4959 1524 5018 vocabulum
1541 4955 1649 5040 batinis
1664 4954 1796 5011 insolens
1810 4961 1877 5024 eat;
1893 4956 1952 5012 sad

236 5031 384 5086 emendat.
402 5053 415 5080 e
431 5034 582 5088 Consentit
598 5033 674 5103 quod
692 5033 769 5086 inl'rii
785 5033 865 5103 dicit,
885 5053 895 5081 i
914 5033 1060 5089 Poeniien·
1116 5049 1170 5089 suo
1187 5050 1266 5091 inore
1279 5035 1359 5107 loqui
1376 5032 1460 5090 solat.
1477 5029 1638 5102 Cyprianus
1658 5026 1813 5110 emulator
1827 5026 1953 5084 Tertul-

236 5101 308 5157 tiam
323 5119 376 5160 exo
398 5105 450 5170 tat,
466 5103 695 5174 exomologesim
711 5103 851 5175 assignat.
869 5105 961 5160 Rasa.
979 5128 990 5158 ι
1115 5104 1200 5172 lieni,
1216 5107 1266 5162 sed
1291 5105 1361 5180 styli
1384 5102 1513 5179 purioris
1528 5119 1535 5157 ι
1552 5122 1567 5150 α
1584 5099 1726 5171 Charitas,
1754 5098 1865 5172 inquii,
1886 5115 1955 5156 ma-

272 5172 327 5258 (69)
345 5119 473 5231 Allerum
490 5175 814 5258 odutteiumuontocit.
839 5175 1061 5258 Sicllbenaniis
1116 5177 1325 5248 gnanimaest.
1342 5199 1356 5226 »
1373 5177 1452 5232 Idem
1470 5167 1954 5256 peupodeplei‚q3ogiinniinitoteia
2057 5227 2058 5240 ,

237 5244 366 5302 editione
389 5253 553 5330 postrema:
579 5264 621 5302 sic
644 5247 812 5314 pamelius,
838 5247 878 5303 sic
894 5247 954 5303 alii.
978 5251 1015 5303 At
1030 5263 1058 5301 in
1076 5263 1100 5328 D
1116 5247 1244 5305 reddidit
1259 5250 1288 5304 in
1303 5249 1378 5305 libro
1393 5249 1429 5304 de
1443 5247 1634 5316 dicemusque.
1647 5243 1721 5298 Aliis
1736 5241 1835 5314 placet
1849 5257 1956 5316 magis

237 5317 456 5389 antiquissimis
475 5316 691 5390 exemplaribus
713 5318 1061 5390 legitur,e1llterumnd
1115 5321 1285 5392 longanimis
1299 5323 1329 5377 et
1344 5318 1552 5390 unguuimitci.
1569 5321 1661 5397 Rusti.
1861 5383 1867 5395 .
2057 5323 2058 5336 ¹

237 5387 362 5444 alterum
378 5406 435 5447 non
453 5392 531 5456 tecit,
549 5411 562 5440 »ι
579 5389 656 5462 quod
672 5391 708 5445 ab
732 5391 794 5463 ipso
809 5407 873 5446 csse
887 5390 1060 5448 Tertulliani
1150 5391 1283 5463 (tetrius
1302 5393 1428 5466 instatur,
1454 5405 1510 5446 iion
1532 5389 1655 5460 proterit.
1681 5383 1721 5440 De
1745 5384 1890 5468 snperbia
1906 5401 1959 5442 ex·

238 5460 313 5533 stylo
329 5461 412 5518 tacite
427 5462 603 5518 adducimur
626 5461 753 5517 credere.
774 5462 938 5548 Disjunoto,
954 5461 1060 5534 inquit,
1115 5461 1206 5534 plicat
1221 5463 1261 5519 Le
1282 5463 1383 5533 Corde,
1408 5477 1509 5520 eorum
1525 5456 1637 5516 scilicet
1660 5455 1711 5528 qui
1736 5455 1865 5538 nimium
1892 5459 1958 5514 sibi

237 5547 272 5587 ex
286 5549 376 5589 causa
398 5533 535 5589 adulterii
551 5531 749 5604 matrimonio,
774 5535 914 5606 patientia
938 5536 1060 5590 interoc-
1116 5539 1286 5607 arrogantes
1308 5536 1381 5592 alios
1407 5534 1569 5608 proterunt.
1596 5529 1706 5600 Legunt
1721 5525 1772 5582 alu
1794 5533 1960 5599 promit.

237 5601 290 5672 dit,
306 5621 339 5660 ac
359 5603 520 5688 plurimum
544 5602 613 5659 boni
639 5603 756 5674 utrique
781 5605 893 5662 confert
909 5625 915 5663 :
933 5605 1059 5663 alterum
1115 5604 1256 5663 Erasmus
1271 5625 1329 5664 non
1346 5605 1420 5664 male
1436 5603 1532 5673 vertit,
1553 5616 1610 5656 iioii
1634 5605 1677 5682 est·
1686 5614 1804 5684 prqroe,
1821 5599 1879 5655 boo
1895 5607 1962 5674 ast,

236 5689 296 5729 non
318 5677 397 5747 tacit,
419 5676 473 5734 boo
497 5679 552 5740 est,
568 5673 735 5746 conjugem,
760 5677 913 5749 repudiata
937 5681 1062 5752 conjuge
1116 5681 1151 5732 iit
1176 5693 1211 5733 ex
1233 5680 1341 5736 Grecis
1369 5675 1547 5750 quibusdam
1575 5669 1696 5728 scholiis
1723 5673 1962 5744 interpretatur,

237 5742 379 5820 adultera,
391 5763 449 5805 non
465 5747 555 5806 mittit
568 5747 605 5804 ad
621 5745 746 5804 alterurn
755 5747 938 5822 conjuginm.
953 5750 1000 5808 Sic
1014 5753 1061 5807 est
1116 5763 1174 5807 non
1189 5749 1304 5808 extollit
1318 5767 1384 5809 sese
1397 5764 1492 5829 nequa
1504 5747 1643 5804 ostentat.
1660 5742 1700 5799 cs
1713 5741 1766 5802 Pa.
