4068 6186
247 305 307 370 tito
507 307 772 370 subsecutum
795 307 957 371 drusum
981 303 1080 368 PARS
1103 303 1127 367 1.
1146 335 1184 348 -
1198 302 1336 368 suetus
1358 303 1383 378 1,
1404 295 1681 374 asouooutlua
1859 305 1910 367 itti

249 435 296 493 die
311 437 527 506 redundemus;
542 453 600 510 quo
614 438 625 474 ⁸
639 437 748 510 plures,
761 438 816 495 hoc
831 437 966 512 pluribus
985 435 1069 495 odio·
1083 447 1110 516 A
1126 435 1256 493 seraude
1271 433 1417 504 nationes,
1440 447 1507 490 soce
1528 429 1714 504 proponimus
1738 429 1811 488 uobis
1836 433 1910 492 disci·

249 526 292 580 si:
310 525 404 598 megis
418 525 557 583 increscit
579 526 691 595 odium,
720 528 898 584 inarescente
928 527 1069 593 materie;
1126 524 1212 596 pline
1228 527 1334 581 nostre
1347 521 1547 596 sponsionem.
1562 519 1657 576 Vitem
1671 521 1797 576 eternam
1810 525 1911 578 emisio·

249 613 418 684 proliciente
433 614 621 671 multitudine
637 633 764 684 reorum,
780 617 850 690 quid
865 617 971 673 itanou
984 615 1072 687 proil-
1126 613 1207 670 ribus
1223 617 1252 670 et
1266 611 1521 670 conservatoribus
1535 609 1598 666 suis
1613 607 1739 681 spondet,
1753 623 1768 664 e
1789 609 1910 666 contrario

248 702 913 774 oitmultitudonuntiatorumiQuodsciam,
944 709 974 760 et
1003 721 1070 760 ouu-
1125 704 1297 776 profaniset
1324 699 1438 758 emulis
1463 697 1642 772 supplicium
1668 702 1799 754 eternum
1821 701 1910 754 aeteruo

250 792 377 848 versatio
392 791 486 848 notior
501 793 750 862 taelaest;seitis
765 793 1071 851 etdisscouventuum
1126 791 1186 866 igni
1202 791 1471 860 comminetur3ed
1498 793 1652 858 utromque
1665 802 1776 842 causam
1802 790 1912 842 mortuo·

250 883 552 954 nostrarum;itsque
566 887 595 937 et
609 883 780 939 obsidemur
807 887 835 939 el
863 883 1070 957 opprimimur,
1125 899 1192 938 rum
1221 880 1395 939 resurreetio
1419 877 1602 952 predicatur.
1624 873 1781 932 Viderimus
1806 876 1838 931 de
1867 875 1913 930 lide
2000 889 2001 954 )

249 973 278 1026 et
292 969 323 1025 in
338 969 411 1042 ipsis
437 971 552 1027 arcanis
581 971 856 1044 congregationibus
893 971 1069 1029 detinemur.
1124 971 1418 1039 istorum,dumsuo
1440 967 1706 1040 locedigcruotur;
1733 964 1839 1022 iuterim
1863 979 1913 1019 ore·
2000 961 2001 1042 i

251 1057 464 1131 Ouisunqoam
481 1063 578 1116 tamen
590 1077 704 1116 semeso
717 1078 807 1132 puero
819 1061 1071 1134 supervenit(2l)‘l
1125 1061 1196 1130 dits,
1208 1058 1457 1133 quemadmodum
1472 1072 1536 1112 uos.
1553 1053 1625 1112 Volo
1637 1053 1712 1110 enim
1728 1053 1807 1120 scire,
1828 1053 1851 1110 al
1873 1068 1914 1123 per
2000 1055 2001 1074 ³

250 1147 317 1220 quis
332 1147 362 1203 iu
378 1153 527 1204 cruentato
542 1165 615 1222 pane
629 1149 752 1222 vestigia
766 1151 897 1206 dentium
909 1151 1072 1223 deprehen·
1124 1151 1195 1210 talis
1205 1148 1316 1207 seelera
1326 1147 1406 1205 adire
1417 1145 1508 1220 parati
1518 1144 1599 1212 setis,
1610 1141 1839 1218 quemadmodem
1852 1140 1914 1196 nesi

251 1235 317 1292 diti
331 1237 397 1308 quis
413 1237 542 1294 tenebris
556 1239 707 1309 repentino
723 1238 836 1296 lumine
863 1239 987 1313 irruptis
1015 1241 1072 1298 im·
1124 1240 1210 1308 Veni,
1226 1240 1252 1295 ei
1267 1238 1333 1310 quie
1347 1254 1390 1303 es,
1404 1237 1540 1308 demerge
1555 1235 1664 1290 ferrum
1678 1231 1707 1288 in
1719 1231 1865 1296 infantam
1880 1227 1914 1284 tel

251 1325 364 1381 munda
377 1325 489 1397 eliqua,
505 1343 542 1382 ne
552 1325 672 1382 dixerim
686 1327 806 1394 inceste,
817 1328 1072 1402 indiciareoogoo·
1126 1332 1149 1388 si
1167 1330 1290 1386 ulterius
1304 1327 1433 1385 cilicium
1449 1329 1504 1396 est,
1519 1327 1584 1380 tum
1599 1323 1684 1379 modo
1703 1324 1796 1394 specta
1810 1317 1916 1374 morico·

246 1413 361 1470 vitiSi
377 1413 494 1486 praemio
506 1414 710 1489 impetremus,
728 1432 765 1473 ne
777 1419 852 1474 tales
863 1417 892 1473 in
920 1416 1071 1491 publicum
1126 1425 1184 1480 tem
1199 1419 1341 1485 animam,
1358 1420 1515 1488 antequam
1531 1412 1611 1480 vixit,
1631 1415 1707 1466 certa
1719 1407 1810 1481 excipe
1831 1406 1916 1463 rudem
2001 1449 2002 1452 ι

248 1501 447 1571 extrahamur,
468 1519 558 1576 quare
573 1508 602 1560 et
611 1505 829 1577 opprimimur?
856 1504 1017 1564 Possumus
1044 1509 1074 1564 at
1128 1509 1303 1585 sanguinem
1319 1505 1348 1562 in
1366 1519 1539 1579 quopenem
1557 1507 1640 1559 tuum
1656 1498 1754 1564 seties,
1766 1512 1870 1554 vescere
1890 1495 1918 1550 li·
2002 1531 2003 1612 1

251 1593 371 1649 omniuo
387 1609 444 1648 uon
464 1592 595 1662 extrahi;
612 1595 678 1666 quis
694 1596 771 1651 enirn
794 1595 989 1668 proditionem
1016 1598 1073 1653 ori·
1127 1605 1248 1667 benten
1264 1599 1376 1656 interea
1403 1593 1593 1651 discumbens
1614 1590 1764 1646 dinumera
1790 1583 1855 1654 looe,
1877 1581 1918 1638 ubi

250 1681 339 1738 minis
354 1681 479 1753 alicujus
495 1682 688 1740 einecrimiue
699 1685 762 1756 ipso
776 1685 980 1742 autveuditau
995 1685 1071 1742 redi·
1127 1695 1222 1746 meter
1235 1693 1286 1745 eut
1302 1702 1384 1744 soror
1398 1689 1496 1740 torum
1512 1679 1671 1754 presserit;
1688 1680 1755 1734 uota
1777 1673 1917 1746 diligenter,

250 1769 326 1826 miti
340 1771 396 1827 Sed
413 1771 483 1843 quid
499 1771 644 1830 extraneis
657 1772 890 1845 speculatoribus
910 1778 939 1830 et
967 1773 1070 1830 indici·
1127 1786 1160 1837 ut
1171 1795 1239 1836 cum
1253 1776 1379 1834 hinebrae
1393 1771 1543 1838 irruerint,
1565 1767 1710 1823 tentantes
1738 1759 1842 1819 scilicet
1865 1755 1918 1813 dili·

250 1861 307 1916 bus
322 1860 490 1930 detrectem,
507 1861 556 1933 qui
572 1861 642 1916 talis
669 1861 825 1933 objicietis,
853 1878 917 1933 quos
947 1880 1006 1918 non
1034 1865 1070 1920 ab
1085 1822 1109 1887 B
1125 1869 1253 1942 gentium
1270 1863 1466 1938 singulorum,
1483 1874 1541 1914 uoo
1557 1871 1635 1912 erres
1659 1856 1819 1910 extraneam
1836 1846 1918 1902 iocur-

251 1945 324 2018 ipeis
338 1945 421 2003 uobis
437 1963 504 2002 cum
533 1948 662 2005 maxima
686 1949 892 2007 vociteratione
920 1949 1071 2024 publicen-
1126 1975 1215 2018 nans:
1231 1953 1379 2031 piaculum
1395 1948 1508 2016 leceris,
1525 1945 1582 2002 nisi
1603 1945 1757 1999 incestum.
1785 1937 1844 1994 lieo
1864 1947 1920 2032 oum

250 2036 487 2105 tur‚autstotim
518 2036 628 2108 audite,
658 2037 682 2092 si
710 2037 793 2110 prius
821 2039 1072 2111 demonstrantur,
1127 2045 1312 2120 expunxeris,
1327 2041 1407 2098 vives
1424 2041 1454 2096 iu
1465 2051 1569 2093 evum.
1592 2031 1684 2106 Cupio
1710 2025 1883 2100 respondeas,
1901 2035 1922 2076 st
2003 2105 2004 2112 ἵ

251 2127 552 2197 eutposteereperta,
569 2123 725 2181 siiuterim
741 2126 895 2203 celentur?
922 2127 989 2185 Sine
1016 2130 1073 2184 du·
1127 2138 1201 2194 tanti
1219 2134 1309 2192 iacias
1324 2124 1539 2190 eternitatem‘l
1555 2123 1614 2180 imo
1632 2120 1739 2178 idcireo
1762 2131 1811 2172 oso
1835 2111 1924 2180 credis,
2003 2113 2004 2160 i

252 2213 300 2270 bio
341 2213 420 2269 euim
461 2213 609 2270 initiatum
630 2213 797 2272 volentibus
826 2231 890 2273 mos
919 2221 963 2274 est
992 2217 1074 2290 prius
1128 2200 1925 2298 otjemgiosndideris,negotevelle,etjsmsiselles,

253 2303 377 2362 mod
393 2303 568 2375 magistrum
593 2322 744 2362 sacrorum
768 2305 811 2363 sel
840 2312 953 2380 petrem
983 2307 1074 2365 odire.
1129 2332 1202 2390 nego
1218 2319 1246 2372 tn
1262 2301 1601 2386 possederantemalii
1618 2299 1742 2376 possint,
1768 2294 1792 2352 si
1813 2308 1859 2349 vos
1879 2305 1926 2388 uuo

253 2393 328 2450 Tum
346 2391 395 2449 ille
409 2393 505 2450 dicet:
522 2393 622 2450 inians
637 2394 689 2451 tibi
705 2395 755 2468 qui
777 2396 874 2453 adhue
896 2396 1001 2470 vagit·
1028 2414 1076 2454 ns·
1130 2399 1278 2478 potestis?
1293 2415 1346 2458 cur
1356 2414 1415 2454 uon
1426 2393 1557 2468 possitis,
1567 2391 1592 2448 si
1603 2389 1654 2447 alii
1664 2381 1927 2464 possuntiisopom·

254 2483 413 2549 cassarius,
429 2482 480 2555 qui
493 2482 664 2540 immoletur
675 2488 715 2554 ,et
725 2484 808 2556 panis
818 2485 1014 2558 aliquantum,
1026 2487 1076 2558 qui
1129 2498 1230 2564 tatem,
1246 2487 1439 2546 eternitatem
1451 2487 1562 2556 quanto
1573 2482 1709 2537 constare
1718 2469 1826 2531 sultis?
1847 2471 1883 2524 lo
1894 2465 1928 2521 he
2004 2475 2005 2504 t

251 2569 282 2626 in
298 2571 442 2644 sunguine
457 2571 643 2646 infringatur,
659 2577 799 2646 preterea
808 2574 994 2644 candelebra,
1011 2591 1075 2647 quea
1130 2578 1217 2636 nobis
1232 2577 1313 2636 omui
1329 2575 1414 2632 modo
1429 2571 1604 2631 redimeode
1619 2562 1777 2625 videntur?
1790 2577 1824 2616 an
1838 2555 1927 2615 aliior·
2004 2547 2005 2588 i

254 2675 341 2716 canes
367 2661 471 2717 annexi
500 2662 667 2734 deturbent,
694 2668 725 2720 st
751 2663 846 2720 ollulis
871 2681 935 2737 que
959 2665 1076 2721 eoadem
1130 2667 1214 2724 dines
1231 2666 1363 2724 dantium
1380 2662 1625 2728 Christianorum,
1642 2653 1845 2726 stellispecus
1865 2641 1928 2703 stt

254 2764 343 2806 cenes
359 2749 398 2806 ¹⁰:
415 2751 466 2806 sed
483 2754 511 2806 et
526 2757 619 2808 mater
642 2757 693 2808 eut
719 2769 801 2810 soror
828 2753 882 2810 tibi
910 2752 1077 2810 necessarie
1130 2757 1275 2826 leucium,
1290 2759 1319 2812 et
1344 2753 1393 2812 alii
1409 2753 1446 2809 od
1456 2751 1561 2808 incesti
1585 2746 1739 2804 libidinem
1763 2735 1860 2797 nervii
1877 2732 1928 2790 Nili

255 2843 310 2896 est.
325 2838 412 2904 Ouid,
428 2839 453 2896 ai
463 2838 551 2896 nulle
566 2841 676 2898 erunt?
691 2843 804 2916 opinor,
829 2841 980 2917 legitimae
993 2843 1075 2899 Chri·
1130 2848 1252 2921 opinor;
1267 2845 1342 2902 eatis
1354 2843 1433 2900 enim
1448 2845 1493 2898 est
1507 2838 1592 2896 uobis
1607 2835 1671 2893 sola
1682 2832 1829 2890 veritatea
1849 2825 1930 2880 vetiti

255 2929 517 2985 etisnueesssnon
534 2930 666 3002 poteris?
692 2931 768 2997 heo,
797 2947 846 2988 oro
875 2948 936 3004 voe,
963 2932 1076 2990 dcuun·
1130 2935 1274 3012 positione
1287 2931 1425 2992 discerni.
1449 2929 1578 2987 Tertium
1602 2941 1695 3000 genus
1714 2920 1844 2984 dicimur.
1858 2927 1929 2986 cyno·
2005 2933 2006 2956 ¹

253 3017 327 3075 tiata
342 3018 378 3075 ab
395 3016 461 3076 aliis
479 3018 629 3074 sustinent
643 3019 746 3094 prodii
761 3020 911 3078 Diversum
927 3037 1001 3094 opos
1018 3037 1077 3078 nou
1131 3042 1233 3101 penne
1248 3025 1271 3061 ¹²
1285 3023 1387 3097 aliqui,
1403 3021 1449 3078 vel
1464 3019 1618 3092 sciapodes
1640 3015 1708 3092 (22),
1730 3009 1774 3068 vel
1801 3003 1882 3078 aliqui
1902 2999 1930 3056 dt

256 3110 301 3164 est
311 3106 385 3164 seire
397 3105 465 3164 illos
479 3109 502 3144 ¹¹
516 3125 525 3177 ς
545 3107 628 3180 prius
644 3108 764 3166 fallacie
793 3111 943 3184 negotium
972 3126 1075 3184 perpe·
1133 3116 1324 3174 subterranea
1341 3110 1495 3185 antipodes
1509 3107 1576 3182 (23).

254 3201 359 3266 tratur,
375 3195 486 3270 ignaris
503 3200 532 3254 et
560 3197 650 3270 dapes
676 3202 705 3255 et
730 3199 839 3272 nuptie
868 3182 1115 3272 subjicientemc
1167 3205 1197 3262 8.
1213 3203 1243 3262 Si
1259 3219 1318 3276 qus
1333 3202 1410 3268 istie,
1427 3199 1505 3273 epud
1520 3214 1572 3255 vos
1587 3194 1693 3254 saltem
1708 3189 1842 3256 reticeat,
1855 3177 1933 3278 edulii

256 3284 336 3342 Nihil
350 3286 427 3341 enim
444 3301 574 3359 uuquam
592 3290 668 3343 retro
682 3287 719 3343 ds
733 3287 906 3344 Christianis
929 3288 1077 3362 mysteriis
1131 3292 1216 3351 velim
1229 3291 1357 3367 primum
1368 3295 1396 3348 et
1411 3287 1573 3346 secuudum
1590 3301 1695 3359 genus,
1713 3279 1795 3339 atita
1808 3277 1842 3332 de
1862 3273 1933 3370 iuthi

257 3374 423 3431 audieruut.
439 3373 550 3431 Tamen
567 3378 667 3448 posteo
680 3381 858 3450 cognoscant
885 3393 1003 3434 necesso
1031 3380 1077 3434 est
1132 3387 1255 3441 constet.
1273 3377 1507 3438 Psammetichus
1522 3376 1642 3450 quidem
1657 3369 1770 3448 poterit
1783 3364 1832 3422 tibi
1848 3376 1876 3418 se
1896 3371 1933 3412 lu·

254 3461 298 3519 vel
313 3462 379 3520 aliis
394 3479 468 3537 quos
482 3463 626 3520 inducunt
644 3465 906 3537 premioistrands.
934 3468 1075 3523 Ceterum
1129 3469 1399 3546 genioexploratus,
1410 3465 1436 3525 si
1446 3465 1482 3523 ds
1492 3461 1730 3540 primageueris:
1743 3446 1933 3514 dioeitursuim

257 3553 684 3625 quemssnumestproieoos
703 3555 1000 3628 scirequodnesoiat
1028 3572 1076 3612 se·
1129 3561 1258 3618 inientes
1281 3556 1429 3615 recentis
1464 3561 1551 3629 partu
1571 3566 1707 3610 seorsum
1737 3565 1755 3604 a
1780 3535 1933 3602 enmmemio

257 3639 790 3715 cerdosiTacentigitur,etaccepto
812 3645 919 3714 ierunt,
948 3651 974 3700 et
1003 3645 1077 3702 nihil
1131 3649 1283 3706 hominum
1312 3646 1433 3704 elendce
1464 3643 1623 3700 tradidisse
1654 3637 1773 3709 nutrici,
1805 3644 1885 3705 quam
1911 3626 1934 3678 ti

256 3728 406 3804 tregoedie
431 3728 561 3803 Thyeste
591 3729 637 3788 vei
665 3731 821 3806 OEdipodis
849 3737 1018 3807 erumpunt,
1048 3739 1078 3792 et
1130 3738 1224 3812 ipsam
1240 3740 1376 3811 proptera
1390 3733 1598 3806 elinguaverat,
1614 3735 1648 3788 ut
1671 3730 1702 3787 in
1726 3730 1816 3784 totum
1836 3712 1932 3776 exsilii

256 3836 315 3879 noo
330 3819 505 3894 protrahunt
520 3820 556 3877 ad
572 3819 727 3894 populum,
741 3821 797 3878 ilde
811 3820 842 3877 in
870 3822 1021 3880 ministros
1049 3827 1078 3880 ct
1130 3827 1210 3886 vocis
1223 3827 1358 3884 humane
1375 3841 1434 3882 nou
1447 3821 1547 3881 auditu
1565 3821 1728 3878 formarent
1738 3799 1932 3889 loqueremini

257 3909 409 3984 magistris
424 3912 452 3966 et
467 3909 503 3966 de
519 3909 593 3982 ipsis
604 3909 730 3983 potiores
741 3910 1076 3983 morsusjemdoetis....
1131 3934 1185 3975 suo
1196 3918 1437 3990 promentaseem
1453 3911 1579 3985 primam
1595 3908 1745 3966 nationem
1756 3894 1934 3972 designarent

258 3999 387 4072 rapiunt.
404 3998 435 4056 Si
450 3997 524 4055 nihil
535 3997 593 4055 tels
608 3999 756 4072 probetur,
767 4000 877 4070 grande
891 3999 988 4058 nescio
1005 4001 1076 4074 quid
1132 4006 1217 4086 cujus
1227 4019 1334 4060 sonum
1351 4006 1457 4059 osturs
1470 4000 1621 4058 dictasset.
1639 3997 1737 4054 Prima
1746 4009 1800 4050 vox
1809 3985 1907 4046 bekkos
1916 3977 1935 4013 ¹⁸

257 4088 397 4146 estimari
426 4091 550 4162 oportet,
579 4087 665 4159 cujus
693 4088 892 4160 compensatio
929 4092 1077 4147 tenturum
1131 4092 1356 4150 renuntietoest
1369 4091 1445 4163 (2i);
1465 4086 1668 4162 interpretatio
1681 4085 1747 4158 elus
1768 4078 1851 4138 Panis
1871 4064 1935 4144 spui

258 4177 445 4236 atrocitatum
459 4176 615 4234 tolerantia
629 4179 753 4235 constat.
778 4176 891 4235 Misere
918 4183 1007 4251 atque
1021 4178 1077 4235 mi·
1132 4179 1263 4254 Phryges
1273 4173 1780 4252 oomeusst;Pbrygssprimlgeuus
1798 4157 1938 4227 exindebs·

965 4277 1067 4340 Varie
1082 4277 1245 4342 lectiones.

291 4377 377 4450 iiiia.
394 4375 483 4450 quod.
499 4375 509 4411 ⁸
528 4373 617 4432 codd.
629 4373 700 4432 Mes.
716 4378 848 4448 vagetur.
865 4376 888 4412 ¹⁰
905 4373 986 4448 Apol.
1002 4377 1029 4448 8,
1047 4375 1178 4444 «odnie,
1195 4391 1259 4448 que
1274 4373 1341 4433 illos
1357 4375 1394 4432 sd
1409 4371 1750 4432 eversIonemluminum
1761 4357 1938 4448 extendant.»

260 4449 341 4523 Quod
354 4463 413 4506 voe.
429 4446 589 4506 extendant
603 4446 648 4503 iric
662 4457 711 4504 oct
733 4445 921 4504 restruendam
947 4452 999 4503 out
1024 4448 1289 4522 subintelligendum
1315 4463 1374 4505 esec
1399 4449 1489 4504 ense
1515 4445 1634 4504 liotore.
1667 4445 1689 4482 ¹¹
1722 4443 1780 4512 Rip.
1808 4435 1939 4493 Diversum

259 4539 345 4596 opus.
359 4521 422 4578 Nou
439 4523 484 4577 est
500 4517 575 4576 seire
590 4515 668 4590 illos,
680 4523 735 4578 eto.
753 4519 775 4556 ¹¹
790 4519 851 4591 esp.
867 4518 1050 4593 Cynopcnue
1063 4539 1070 4589 ;
1085 4520 1133 4577 scd
1146 4523 1182 4594 ο).
1199 4520 1277 4594 Apol.
1294 4521 1321 4588 8,
1349 4519 1372 4558 ¹¹
1386 4518 1467 4576 Codri.
1483 4533 1549 4574 mss.
1566 4517 1683 4574 Pectus.
1699 4515 1742 4586 6).
1758 4507 1851 4568 Herod.
1863 4504 1889 4570 2·
1901 4497 1924 4554 2·

971 4627 1232 4692 Commentarius.

294 4725 350 4800 (21)
365 4723 474 4782 Semesc
541 4739 571 4780 ro
589 4723 754 4794 superescit.
777 4722 873 4780 Variis
899 4723 1284 4796 argumentisliiiallorom
1318 4721 1507 4793 llsrourium,
1544 4724 1597 4778 aot
1617 4719 1757 4778 dirorum
1787 4715 1939 4794 &torporis

259 4798 440 4870 impietatem
468 4795 487 4852 il
502 4812 548 4851 nm
572 4811 636 4867 que
660 4793 834 4852 Christiania
864 4797 1082 4870 impingebatur
1136 4796 1290 4853 bominum
1311 4795 1432 4853 victims
1455 4792 1566 4868 placari
1586 4793 1677 4868 apud,
1700 4787 1838 4848 seculum
1860 4778 1938 4838 trent.

259 4873 349 4934 arcet,
367 4867 493 4940 iecitque
506 4884 561 4925 sus
575 4867 743 4940 eloquentia
758 4870 791 4922 ut
805 4865 916 4924 crimen
933 4867 1005 4925 illud
1035 4867 1081 4924 in·
1136 4868 1174 4925 Lx
1189 4872 1241 4926 Pa.
1922 4915 1928 4928 .

260 4937 403 4998 luntieidii
419 4955 477 4996 non
492 4939 644 4996 hereatiu
669 4937 855 4995 Christianis.
885 4940 1079 4997 Notissimum
1171 4940 1227 5014 (ἳῖ)
1258 4937 1429 5012 Cynopaene
1459 4937 1561 5010 aliqui,
1595 4936 1640 4994 eet
1669 4930 1815 5007 sciapodes
1836 4929 1848 4982 i
1873 4917 1940 4994 ΙΨ

258 5028 323 5070 esse
338 5011 423 5068 debet
437 5010 614 5067 calumniam
632 5007 712 5066 illam
729 5011 915 5082 desumptam
938 5013 1030 5068 tuisse
1044 5027 1079 5068 ex
1133 5011 1295 5080 Pemelioe,
1334 5025 1421 5083 quem
1451 5008 1586 5082 sequitur
1614 5006 1754 5072 bacerda,
1782 4996 1939 5074 Cysooiiib

258 5083 420 5142 infamibus
435 5083 527 5140 sacris
543 5081 672 5153 Saturni,
689 5099 752 5154 quse
767 5082 797 5139 iu
812 5083 909 5140 atrias
925 5083 988 5141 fieri
1010 5099 1078 5140 cou-
1132 5083 1234 5167 sicque
1265 5097 1371 5140 seusus
1397 5083 1460 5138 est:
1485 5094 1628 5139 sumusoe
1655 5077 1762 5134 mnino
1789 5072 1868 5156 voitu
1900 5063 1941 5120 ⁸⁰¹

259 5161 426 5223 sueverunt,
441 5143 471 5212 i'n
485 5155 592 5226 quibus
607 5156 812 5210 mactabantur
840 5153 977 5213 inl'autss.
1007 5154 1078 5212 Pru·
1133 5172 1239 5212 esurus
1257 5153 1444 5238 impudentia
1459 5158 1492 5210 ut
1502 5151 1698 5209 homicidium
1710 5155 1773 5206 tam
1787 5141 1942 5212 reitinpo-

258 5229 387 5296 dentius,
404 5227 455 5285 lib.
471 5245 503 5295 11,
520 5228 586 5286 edu.
597 5226 814 5298 Symmachum:
1132 5231 1229 5284 temm
1244 5243 1295 5284 seu
1310 5223 1555 5284 rnieutioidiumi
1571 5221 1762 5282 iiowereniue
1773 5219 1893 5290 cunone
1911 5206 1941 5263 it

1132 5299 1193 5372 git:
1210 5304 1240 5355 et
1254 5297 1352 5354 Desid.
1371 5295 1512 5354 lieraldoa
1523 5295 1611 5352 hebet
1626 5295 1705 5368 Ceno
1762 5305 1815 5350 ote.
1833 5288 1903 5370 ioxe-

1169 5369 1225 5443 (23)
1242 5370 1279 5426 tte
1304 5369 1481 5428 subterraneo
1507 5367 1665 5440 Antipodss.
1719 5366 1760 5424 ib.
1786 5363 1820 5418 ds
1845 5358 1940 5438 doymi,

1132 5439 1200 5513 Peg.
1216 5439 1279 5508 334,
1295 5439 1389 5498 dixit:
1420 5461 1435 5491 «
1458 5439 1597 5500 Animalia
1624 5438 1836 5496 auhumistam
1861 5437 1939 5486 orro-

292 5513 371 5574 Nihil
383 5513 477 5590 magis
492 5513 643 5570 obviuma
665 5513 703 5570 ud
721 5511 1078 5586 Luctantium‚idloutium
1132 5513 1182 5568 tio.
1201 5533 1214 5562 n
1230 5511 1293 5569 liro.

257 5592 287 5646 et
315 5592 445 5646 ceteros.
469 5587 534 5660 lpse
561 5529 761 5643 Tertuiliauus
790 5588 893 5641 eontra
922 5583 1079 5642 Gnostioos
1168 5583 1226 5654 (24)
1238 5584 1338 5640 Primo
1347 5599 1400 5640 voe
1414 5583 1511 5642 Beccos
1538 5581 1702 5642 renuntiato
1731 5581 1782 5662 eft.
1812 5575 1938 5700 Deprave-

258 5661 319 5720 bee
333 5659 441 5718 hebet:
458 5679 472 5710 o
502 5657 639 5716 sedenim
666 5656 843 5732 Scytharum
870 5652 1007 5727 Diouem,
1028 5657 1080 5714 sut
1133 5655 1198 5712 tum
1213 5657 1258 5714 eet
1272 5652 1395 5729 quodie
1411 5653 1510 5714 codice
1528 5651 1671 5728 egobardi
1699 5649 1818 5724 iegitur.
1866 5643 1938 5700 sciit·

290 5343 413 5396 cedibus
427 5343 562 5395 inlautum
577 5343 681 5393 lumeot
690 5341 813 5394 Saturnis
822 5355 906 5406 sucre,

289 5407 484 5472 [debilibusque
498 5409 587 5458 truces
600 5408 727 5457 resonent
740 5405 874 5472 rugitibus
891 5417 954 5456 are.
