4152 6192
7 27 489 96 ..
527 23 569 75 Ἰ
647 16 706 43 *⁶
769 62 777 81 ι
861 20 866 30 ’

162 347 243 409 rrae
707 421 710 428 Ι
791 337 910 404 unse
931 339 958 400 u
979 340 1033 401 uo
1053 339 1237 404 moeso.
1788 345 1868 404 rara

164 485 253 538 Deum
271 476 493 534 matrimonium
508 469 693 546 hujusmodi,
704 489 757 529 our
771 489 830 529 non
847 487 987 546 prospere
1002 474 1030 542 Α
1043 471 1226 530 tenacissimi
1241 471 1334 530 servis
1348 473 1411 532 suis
1431 472 1509 530 iores
1532 474 1643 532 nubere
1667 473 1871 534 interdicunt?

165 573 299 637 sedetet
311 573 341 627 et
355 587 372 626 a
387 567 534 642 pressuris
546 571 575 624 et
589 565 737 640 augustiis
751 567 781 620 st
795 565 991 638 impedimen·
1045 562 1158 620 scilicet
1172 579 1208 619 ne
1222 564 1252 620 iu
1265 562 1414 620 lasciviam
1428 564 1571 620 excedant
1585 565 1653 638 (58),
1667 565 1763 622 officia
1788 567 1870 624 dese-

165 662 203 719 tis
219 664 248 717 et
263 656 494 732 inquinamentis
510 673 567 713 non
579 655 621 712 ite
632 654 868 726 lacessatnrq'em
881 653 992 710 babens
1046 656 1124 722 rent,
1139 651 1287 708 dominica
1301 652 1446 709 extraneis
1462 656 1608 724 promant.
1625 653 1727 711 Nonne
1749 655 1871 729 iusuper

166 769 201 809 ex
214 754 297 824 perte
312 748 417 804 divinae
441 745 540 820 gratias
565 743 783 818 patrocinium?
804 743 878 800 Nam
902 747 931 799 et
956 741 991 797 ad
1047 755 1226 798 censuerunt
1241 741 1591 810 servitutivindioandos,
1608 743 1740 817 quicum
1764 745 1869 804 alienis

166 841 295 912 aliquam
310 837 450 892 virtutem
461 833 609 892 caelestem
619 832 804 890 documentis
814 831 993 904 dignationis
1048 829 1140 887 servis
1153 831 1209 902 (59)
1229 831 1331 887 1801
1360 835 1426 904 post
1449 831 1646 902 dominorum,
1672 835 1871 892 denuntiatio·

167 929 411 1000 alicujusvocota
425 923 476 981 ille
491 922 678 997 degentibus
694 923 717 958 ἰ
733 919 837 978 terrori
852 924 898 977 cst
921 935 993 994 gen·
1048 935 1116 975 uem
1140 917 1170 974 in
1194 919 1406 976 consuetudine
1435 924 1679 994 perseverarunt?
1709 921 1874 982 Severiores

166 1018 223 1086 tili,
240 1033 298 1090 quo
315 1015 415 1070 minus
429 1013 486 1070 sibi
502 1013 662 1085 obstrepat,
680 1010 780 1068 minus
794 1009 879 1080 solat,
895 1007 994 1064 minus
1048 1006 1236 1064 habebuntur
1250 1011 1371 1066 terrenas
1386 1007 1547 1081 disciplina
1563 1009 1732 1068 coelestibus
1743 1014 1873 1085 prescri-

167 1106 345 1184 spsculetur.
363 1101 461 1160 Sensit
476 1101 635 1175 magnalia,
657 1099 759 1157 18⁰0
784 1098 856 1155 vidit
882 1095 995 1170 experi-
1049 1095 1128 1170 ptis?
1143 1102 1176 1153 ut
1191 1096 1316 1171 gentilos
1338 1097 1457 1170 quidem
1482 1099 1628 1155 extraneis
1647 1099 1758 1171 juncte
1783 1102 1874 1160 libor-

168 1201 278 1262 manta,
292 1195 349 1252 scit
363 1191 514 1249 meliorem
531 1192 655 1259 lectem;
672 1189 714 1246 sic
730 1193 759 1246 et
774 1189 836 1261 ipss
851 1186 901 1244 Dei
927 1203 995 1242 cau·
1049 1189 1141 1242 tatem
1166 1203 1251 1242 suam
1276 1185 1423 1254 amittant,
1449 1191 1554 1244 nostre
1568 1205 1636 1244 vero
1652 1189 1761 1246 diaboli
1778 1207 1872 1250 servos

169 1286 289 1343 didatus
303 1286 349 1341 est
363 1283 479 1338 timore.
502 1281 545 1336 lte
570 1278 687 1335 facilius
710 1275 883 1350 hujusmodi
905 1275 995 1332 lucri·
1050 1273 1107 1332 albi
1123 1271 1304 1348 conjungent
1318 1279 1348 1332 et
1361 1275 1392 1332 in
1408 1280 1488 1332 statu
1503 1293 1556 1333 suo
1575 1279 1785 1350 perseverent?
1809 1281 1873 1338 Sci-

169 1376 255 1444 liunt,
279 1372 310 1429 in
339 1385 413 1444 quos
441 1367 491 1426 Dei
519 1366 614 1440 gratie
642 1365 887 1423 consuetudinem
917 1363 995 1421 lecit.
1049 1362 1116 1420 licet
1131 1364 1282 1437 negabunt
1296 1364 1523 1422 sibialiomino
1537 1381 1589 1438 per
1603 1368 1770 1440 apostolum
1786 1370 1875 1441 ,ejus-

138 1465 139 1468 ’
168 1446 310 1521 cocorum
339 1457 418 1515 eliud
443 1461 488 1514 est
511 1454 588 1512 ultro
614 1459 643 1513 et
666 1459 770 1528 sponte
795 1455 825 1510 in
848 1451 997 1528 prohibita
1051 1454 1117 1510 dem
1134 1452 1350 1510 denuntiatum.
1368 1455 1461 1519 Quem
1476 1451 1566 1525 hujus
1578 1455 1713 1512 amentias
1737 1473 1873 1516 ceussam

169 1550 356 1611 descendere.
383 1547 450 1612 Quae
481 1545 606 1602 Domino
641 1561 700 1602 uon
734 1542 862 1617 placent,
892 1542 997 1614 utique
1051 1543 1197 1599 detineam
1222 1543 1299 1614 (60),
1323 1540 1380 1598 nisi
1406 1540 1474 1597 lidel
1497 1541 1727 1600 imbecillitatem
1752 1562 1875 1619 pronam

172 1640 327 1700 Dominum
350 1635 514 1706 ollsndunt,
541 1634 644 1706 utique
669 1632 747 1690 malo
773 1631 939 1689 inlabuntur
961 1631 995 1688 ¹⁸.
1051 1629 1877 1706 semperinconcupiscentiamseculariumgnudiorumt

171 1731 232 1788 lico
258 1727 336 1800 signi
366 1725 423 1781 erit
451 1724 484 1792 ἰ,
510 1724 586 1794 quod
617 1721 688 1780 solis
720 1721 870 1796 pejoribus
903 1719 998 1794 placet
1052 1722 1133 1789 Quod
1151 1721 1268 1794 quidem
1285 1720 1445 1794 plurimum
1461 1721 1491 1778 in
1514 1722 1689 1781 lautioribus
1715 1725 1877 1798 deprehen·

171 1834 279 1876 nomen
308 1813 507 1871 Christianum
534 1813 602 1886 (57).
629 1812 694 1868 ldeo
719 1810 919 1880 inveniuntur,
946 1807 996 1883 qui
1053 1815 1180 1868 sumest
1212 1827 1281 1867 nem
1295 1816 1406 1882 quanto
1421 1811 1502 1866 dives
1518 1809 1617 1883 eliqua
1630 1818 1676 1869 cst
1691 1819 1830 1872 matronas
1853 1803 1903 1852 δι’

170 1907 246 1965 telas
256 1921 314 1963 uon
326 1897 997 1976 exhorreant,utexterminent,utabripient⁸⁰,
1053 1901 1173 1960 nomine
1189 1901 1301 1969 lullate,
1312 1905 1393 1957 tauto
1404 1901 1586 1973 cepaoiorsm
1603 1903 1723 1960 domum
1739 1907 1879 1964 oneribus

171 2002 207 2055 ιιι
220 2013 238 2053 a
253 1996 310 2052 lide
325 1991 490 2051 excludant.
512 1991 605 2049 Habes
620 1991 845 2062 caussamque
868 2005 926 2044 non
949 1987 1001 2043 du·
1053 1990 1116 2048 suis
1132 1987 1265 2063 requirit,
1278 1994 1311 2045 ut
1325 2005 1461 2062 campum
1477 1991 1507 2046 in
1523 2007 1581 2063 quo
1596 1992 1719 2049 ambitio
1732 1994 1879 2054 decurret.

173 2085 260 2158 bites,
277 2082 392 2140 nullam
418 2078 588 2152 hujusmodi
611 2079 836 2134 matrimonium
862 2092 1001 2150 prospera
1054 2079 1180 2137 Sordent
1203 2079 1315 2136 talibus
1339 2078 1485 2136 Ecolesice.
1515 2079 1636 2136 llilllcils
1660 2081 1690 2138 iu
1716 2082 1801 2140 domo
1827 2086 1877 2143 boi

175 2173 307 2242 decurri;
324 2173 419 2246 [dum]
434 2186 451 2227 e
465 2169 544 2226 melo
559 2166 743 2236 concilietur,
759 2184 778 2223 e
792 2167 914 2224 Domino
932 2181 1000 2223 vero
1055 2169 1146 2240 dives,
1171 2183 1204 2224 ac
1228 2168 1253 2224 si
1277 2167 1344 2240 quis
1370 2170 1425 2235 est,
1449 2167 1568 2224 dildcile
1589 2168 1704 2227 celebs.
1720 2171 1794 2236 Ouid
1810 2189 1878 2248 ergo

177 2266 343 2323 damnetur.
1055 2259 1184 2316 inolent?
1199 2258 1281 2315 Unde
1295 2256 1353 2314 nisi
1368 2256 1515 2314 adiebolo
1530 2258 1669 2314 meritum
1694 2265 1794 2332 petant
1817 2262 1880 2320 ido·

488 2371 603 2446 G'Apuvf
619 2388 679 2446 vm
1056 2363 1145 2404 neum
1161 2345 1332 2404 exhibendae
1357 2345 1435 2403 selle
1460 2348 1489 2402 et
1513 2347 1650 2404 mulabus
1676 2353 1705 2406 et
1728 2349 1879 2410 cinerariis

683 2428 690 2444 ⁶
1056 2435 1215 2511 peregrine
1230 2433 1616 2508 proceritatisltthristienus
1629 2435 1687 2493 ists
1701 2438 1789 2495 etiam
1800 2440 1880 2500 dives

213 2531 257 2587 Ad
272 2529 327 2586 hoc
342 2539 519 2601 queremus,
537 2540 575 2580 an
586 2523 662 2595 jure,
677 2522 762 2595 quasi
778 2537 876 2579 revera
890 2521 1004 2595 dispeo·
1057 2524 1182 2580 tortasse
1196 2539 1254 2579 non
1271 2526 1395 2596 praestat.
1408 2523 1511 2588 Quaeso
1526 2527 1565 2591 te,
1577 2523 1731 2596 gentilium
1748 2529 1880 2604 exempla

178 2625 257 2678 tores
271 2617 438 2674 divinarum
453 2613 678 2671 sententiarum.
691 2611 792 2669 Nonne
807 2611 896 2669 etiam
913 2628 1003 2685 peaes
1057 2628 1203 2686 proponas
1219 2611 1436 2684 tibtPtereque
1451 2616 1480 2669 et
1493 2629 1598 2687 genere
1609 2613 1722 2672 nobiles
1732 2623 1761 2674 οι
1770 2633 1800 2674 ro
1814 2619 1882 2676 bea.

175 2709 310 2767 ustiones
324 2702 503 2764 severissimi
519 2702 628 2775 quique
648 2701 760 2759 domini
784 2704 813 2758 et
836 2700 999 2774 disciplina
1058 2705 1095 2758 trs
1104 2699 1214 2775 pussim
1226 2700 1405 2774 ignobilibus
1415 2702 1438 2737 ³¹
1446 2702 1546 2775 (btlet
1557 2703 1754 2764 mediocribus
1764 2708 1804 2764 ibi
1815 2725 1881 2768 con·

885 2834 987 2897 Varios
1001 2835 1163 2898 lectiones.

209 2967 232 3003 ἰ
247 2962 330 3021 ltob.
347 2963 366 3020 ι.
382 2960 491 3018 emend
506 2959 537 3018 A.
553 2957 814 3032 brandeorum
835 2959 908 3032 llic,
932 2976 1014 3034 quem
1035 2961 1065 3016 io
1091 2961 1200 3018 caeterie
1218 2961 1306 3016 secuti
1327 2976 1437 3024 sumus:
1465 2965 1586 3020 vocatus
1610 2961 1659 3020 ille
1681 2964 1717 3022 de
1740 2965 1879 3038 gentibue

173 3037 278 3096 terrori
292 3041 338 3093 est
352 3034 466 3108 gentili.
504 3033 527 3069 ¹⁸
543 3033 591 3090 Leo
614 3031 716 3088 .melo
732 3048 763 3089 se
788 3031 928 3089 inierunt.
967 3032 991 3069 ἰ
1013 3031 1100 3090 litteo.
1126 3034 1232 3105 otiique
1254 3049 1264 3088 :
1288 3035 1347 3089 Hoc
1371 3031 1524 3106 signierit
1548 3038 1580 3090 ut
1602 3034 1685 3105 solia,
1707 3039 1782 3108 quod
1807 3039 1881 3097 solis

173 3109 349 3186 petitoribus
364 3106 416 3180 pl.‚
429 3110 486 3162 eto.
523 3105 546 3140 ⁸⁰
561 3051 648 3163 blein
667 3109 699 3160 ut
713 3109 827 3162 exserte
842 3103 974 3160 eminent
987 3105 1045 3178 (ed.
1063 3105 1085 3175 1,
1102 3110 1215 3160 exserte
1231 3104 1385 3177 animent),
1400 3111 1432 3162 ut
1446 3105 1599 3178 arripiunt.
1649 3107 1672 3145 ⁸¹
1688 3106 1774 3166 Seml.
1790 3123 1825 3168 ec
1838 3111 1880 3168 ad.

171 3201 216 3258 pr.
233 3179 606 3253 aliqoecstcotnmatrone
623 3175 804 3232 domities.
829 3177 990 3232 auctoritate
1011 3175 1069 3233 cod.
1095 3174 1173 3231 Gora.
1197 3175 1296 3260 aliqua
1319 3181 1365 3233 est
1388 3181 1417 3232 et
1440 3184 1574 3236 metrone
1596 3195 1676 3236 nom.
1700 3179 1776 3248 inll.,
1801 3187 1881 3239 tanto

175 3267 313 3328 capacem
329 3251 359 3308 d.
396 3249 420 3286 ⁸¹
433 3249 476 3306 rit.
493 3248 632 3322 pessimis
647 3248 683 3304 de
698 3247 798 3321 ignob.
814 3278 848 3290 -
863 3247 999 3320 expetitis
1015 3263 1022 3304 ι
1038 3246 1076 3303 ul.
1093 3252 1280 3320 exspectatis,
1294 3249 1356 3318 ltip.
1373 3249 1473 3306 sectis.

900 3373 1162 3435 Commentsclus.

211 3504 269 3578 (57)
297 3505 351 3560 lloo
375 3502 451 3574 ciprii
478 3501 541 3567 erit,
564 3498 634 3572 quod
656 3499 723 3556 aclis
746 3499 885 3572 prioribus
910 3499 1039 3572 plucetc
1058 3498 1157 3556 Prima
1169 3498 1314 3556 sententie
1326 3498 1499 3556 Tertulliani
1514 3500 1611 3558 locum
1627 3502 1700 3560 satis
1724 3503 1881 3562 illustret:

173 3593 274 3636 nomeu
290 3575 490 3632 Cbrr'sta'ouum.
506 3572 552 3628 Sic
568 3571 695 3628 arbitror
709 3570 878 3644 legendum,
894 3588 952 3627 non
970 3575 1002 3628 ut
1058 3591 1073 3623 o
1096 3571 1125 3626 si
1148 3572 1254 3628 mulier
1270 3571 1397 3643 ingenua
1419 3572 1550 3645 civisque
1573 3575 1702 3630 Romana
1717 3575 1762 3632 vel
1778 3577 1882 3633 Latina

174 3649 272 3716 uulgo,
297 3647 368 3704 Solio
395 3644 565 3716 paedoribus.
590 3644 622 3699 ln
652 3644 833 3700 membranis
861 3643 1001 3701 invenio:
1057 3642 1154 3700 alieno
1171 3659 1202 3699 se
1218 3659 1300 3700 servo
1315 3645 1539 3714 conjunxerit,si
1551 3646 1670 3716 quidem
1688 3646 1819 3706 innitoet
1832 3650 1882 3705 de·

174 3719 250 3778 Solis
261 3726 288 3776 et
302 3719 438 3776 ilicribru.
455 3715 537 3781 Quod
554 3716 728 3770 mendosum
743 3720 797 3771 est.
815 3715 905 3771 licent
926 3715 1004 3771 iuter
1060 3714 1216 3771 nuntiante
1231 3715 1349 3770 domino
1365 3717 1392 3769 in
1410 3717 1511 3772 eodem
1528 3719 1720 3775 contubernio
1745 3736 1882 3793 perseve-

174 3792 308 3850 ethnicos
321 3787 456 3846 nonnulli
473 3787 610 3844 meliores
625 3785 701 3844 aliis.
716 3785 764 3842 Sic
779 3785 808 3842 in
825 3785 1003 3856 Scorpince:
1059 3785 1176 3855 raverit,
1192 3787 1318 3843 allicitur
1332 3785 1449 3842 enoills.
1468 3808 1479 3838 ι
1496 3792 1562 3844 ltro.

175 3887 189 3916 a
210 3865 245 3922 Ut
258 3867 343 3936 putes
357 3861 488 3930 tratrem,
504 3863 557 3915 out
571 3858 607 3915 de
623 3856 794 3916 melioribus
810 3858 972 3915 ethnicum.
988 3879 1003 3910 n
1093 3889 1129 3902 -
1143 3856 1276 3915 Seruituti
1288 3858 1479 3926 uindicandos,
1516 3862 1547 3914 ui
1572 3875 1636 3916 cum
1659 3861 1763 3918 ottenis
1785 3863 1883 3918 seroie.

175 3933 214 3993 Ut
229 3940 327 3991 nutem
344 3933 480 3990 meliores
496 3929 629 4003 quidem,
646 3929 792 3986 nicetium
808 3932 923 4002 pejores
939 3930 1004 4002 qui·
1057 3928 1105 3987 Sic
1120 3929 1208 3986 hebet
1222 3929 1370 4000 exemplar
1382 3875 1545 4002 Agobacli;
1561 3931 1603 3986 sio
1617 3931 1666 3987 alii
1683 3937 1793 3989 veteres
1805 3933 1883 3990 libri.

176 4008 256 4064 dam.
273 4004 337 4062 liti
361 4005 421 4061 'tur
434 4002 646 4069 Tertullianus,
663 4003 729 4068 One
744 4001 836 4058 Deum
852 4001 1006 4058 ollanduut
1059 4000 1219 4058 Gleudlnno
1243 4008 1341 4058 temen
1367 4002 1625 4058 senatusconsulto
1648 4013 1766 4059 cautum
1797 4005 1886 4061 luisse

177 4076 286 4136 eldelo
301 4077 330 4132 in
345 4077 419 4142 erni;
434 4074 523 4146 idque
537 4089 572 4130 ex
587 4090 620 4130 eo
637 4074 826 4130 manilestum
843 4072 1006 4147 lieri,quod
1059 4089 1116 4128 non
1133 4072 1249 4144 legitur,
1265 4079 1297 4128 ut
1320 4073 1392 4128 liber
1414 4071 1502 4128 homo
1531 4073 1643 4128 enodis
1669 4075 1885 4131 contubernum

177 4145 919 4222 exgentilibuadbriatianeromnuptiasornbiantii
933 4161 1005 4230 pre·
1060 4149 1190 4212 secutus,
1213 4159 1314 4199 servus
1338 4143 1449 4199 domini
1474 4143 1608 4200 mulieris
1632 4145 1723 4204 iteret.
1740 4151 1839 4219 Neque
1851 4149 1882 4203 in

178 4221 280 4280 sertim
318 4221 347 4276 ui
363 4220 428 4276 vitae
448 4223 519 4274 sunt
533 4216 641 4290 pejoris
667 4221 695 4273 et
718 4217 871 4288 turpioris,
896 4231 1006 4302 qusque
1061 4215 1141 4272 Pauli
1158 4215 1319 4272 Sententiis
1333 4213 1417 4271 liberi
1433 4215 1562 4271 hominis
1579 4215 1639 4273 ulla
1655 4217 1774 4275 mentio.
1785 4219 1841 4274 Sed
1856 4223 1885 4275 et

180 4293 259 4348 iuter
274 4236 388 4364 pelorus
412 4291 569 4356 habentur,
595 4288 649 4345 hos
669 4287 793 4360 instigat
816 4286 921 4356 uatus,
946 4303 1006 4345 sive
1060 4287 1255 4358 utaliquando
1270 4286 1523 4344 etiamadlibsros
1538 4288 1889 4347 hominessenatuscon·

176 4367 350 4428 {intentent
360 4379 412 4434 par
425 4360 568 4432 ejusmodi
582 4359 701 4432 nuptias
714 4360 887 4417 Christiane
903 4359 1005 4444 puelle
1060 4361 1172 4417 saltum
1191 4359 1390 4432 pertinuisset,
1405 4361 1494 4414 itaut
1509 4361 1614 4433 corrigi
1640 4361 1743 4420 luisset
1766 4378 1887 4418 necesse

177 4436 266 4492 tidem
280 4438 398 4490 evertet.
414 4433 479 4488 ldeo
494 4431 606 4489 ethnlci
620 4432 928 4505 inveniuntur,inqu1t
941 4431 1007 4488 'l'er-
1060 4430 1234 4488 Diocletiani
1259 4436 1288 4487 et
1312 4428 1470 4486 alexandri
1485 4430 1611 4503 legibus,
1624 4447 1688 4504 que
1703 4433 1759 4490 sub
1776 4432 1886 4504 titulis,

175 4505 333 4572 tullianus,
350 4503 400 4576 qui
416 4502 501 4569 tales,
516 4502 546 4558 id
561 4507 607 4558 est
621 4502 815 4572 Christianus,
833 4519 890 4560 non
906 4511 1009 4560 exbor·
1060 4504 1098 4560 lle
1112 4503 1227 4560 liberali
1240 4517 1348 4568 causeo,
1374 4511 1403 4557 et
1421 4504 1587 4560 communic
1608 4503 1641 4559 de
1661 4505 1888 4570 successionibus,

177 4581 276 4645 reem,
292 4581 324 4633 ut
337 4573 543 4643 exterminent,
558 4576 591 4630 ut
605 4574 800 4648 abripient,ut
813 4593 830 4632 o
844 4575 901 4632 lide
916 4573 1009 4632 excle-
1060 4575 1210 4648 leguntur3
1223 4573 1268 4630 bio
1283 4579 1382 4630 tamen
1398 4572 1498 4646 eliqua
1513 4573 1586 4630 toret
1600 4591 1675 4647 opus
1685 4577 1890 4634 emendatione

179 4652 266 4708 dent.
1062 4664 1096 4704 eo
1111 4645 1244 4704 servituti
1259 4645 1452 4702 vindicandos
1467 4646 1645 4714 diceremus,
1660 4649 1709 4720 qui
1724 4665 1791 4705 cum
1816 4648 1890 4706 elie·

217 4749 252 4762 -
268 4718 338 4776 Solis
351 4715 756 4790 pejorumpoemedmodum
772 4716 850 4773 inter
872 4717 1008 4774 ethnicos
1062 4719 1110 4774 nis
1132 4718 1244 4774 aucillis
1268 4717 1297 4774 in
1320 4717 1534 4774 cousuetudine
1558 4725 1804 4789 perseverassent,
1831 4737 1888 4776 nou

182 4792 257 4850 allos
272 4789 337 4846 eliis
354 4789 466 4860 pejores
481 4787 553 4844 dicit
567 4787 738 4860 Septimius,
759 4788 803 4844 sic
827 4789 1008 4862 Augustinus
1063 4789 1112 4862 qui
1130 4787 1309 4845 cumelienls
1322 4789 1496 4846 souisflum
1513 4793 1540 4845 et
1565 4788 1635 4845 alibi
1660 4798 1689 4848 et
1713 4791 1768 4847 hoo
1794 4792 1890 4848 mexi-

182 4864 257 4922 dixit
268 4863 346 4919 inter
355 4859 539 4918 Christianos
554 4875 619 4916 esse
631 4859 703 4916 elios
719 4859 785 4916 aliis
801 4858 945 4916 meliores.
961 4861 1008 4916 sio
1023 4878 1048 4944 Β
1063 4877 1109 4917 me
1134 4861 1207 4917 libro
1231 4860 1380 4933 Septimus
1409 4860 1581 4917 ancillarum
1598 4863 1636 4918 sit
1652 4880 1724 4920 usus
1737 4865 1890 4921 vocabulo.

183 4936 274 4994 enim.
290 4935 310 5000 l,
326 4949 388 4998 vrrs,
404 4931 438 4988 de
453 4930 510 4987 Cio.
527 4931 587 5001 Dei,
604 4947 629 4987 o.
644 4931 690 4997 27,
715 4930 766 4987 ubi
790 4931 826 4986 de
851 4931 946 5016 epulis
971 4933 1009 4988 ad
1061 4937 1166 5058 ltaque
1190 4931 1287 4988 libens
1312 4931 1479 4988 accederem
1502 4932 1688 5006 legentibus.
1714 4957 1729 4986 «
1753 4935 1891 4992 servituti

183 5005 343 5065 memorius
367 5007 531 5076 martyrum
555 5016 563 5058 ι
589 5023 604 5053 u
628 5001 710 5067 Quod
725 5002 855 5075 quidem,
870 5003 1010 5075 inquito
1063 5005 1112 5060 siu
1136 5004 1333 5076 icandnsquae
1346 5019 1412 5060 cum
1425 5003 1666 5062 alienissorvisin
1678 5009 1891 5065 consuetudine

183 5076 360 5135 Christianis
375 5074 549 5132 melioribus
564 5089 621 5130 non
637 5073 680 5137 lit,
695 5077 725 5129 at
739 5075 768 5130 in
781 5073 930 5147 plerisque
949 5078 1009 5130 ter·
1086 5077 1313 5142 eraevnrassent,
1329 5096 1343 5126 n
1362 5075 1418 5131 nisi
1435 5077 1540 5132 scirem
1557 5076 1732 5150 Septimium
1755 5083 1889 5137 nostrum

187 5165 290 5207 rerum
305 5146 387 5204 nulla
401 5145 469 5204 talis
483 5151 528 5204 est
543 5145 736 5231 cosquetudo.
754 5167 765 5196 ι
783 5149 845 5201 ltro.
1064 5093 1127 5204 laec
1143 5146 1181 5203 eli
1205 5148 1302 5203 nando
1313 5163 1437 5203 sexuum
1451 5146 1622 5206 discrimina
1632 5151 1707 5226 stylo
1717 5155 1893 5226 properante

221 5222 276 5294 (58)
291 5217 456 5276 scilicetne
470 5221 500 5275 iu
516 5218 659 5274 toeccmom
671 5217 907 5275 exceduntvetus
918 5233 1013 5274 exem·
1065 5219 1166 5277 minus
1178 5163 1360 5276 clltservasse.
1377 5219 1442 5275 ltro.

183 5292 260 5366 pler.
276 5294 307 5350 lo
331 5291 458 5356 ιεεειυια,
482 5289 560 5362 quod
584 5289 704 5348 retineri
727 5289 828 5348 velim.
854 5289 1011 5361 Excedunt,
1102 5291 1157 5364 (60)
1174 5291 1359 5361 οιωηιιιιῘιιι
1373 5289 1640 5350 αεηεπιιεειαιιιεαηι
1656 5294 1807 5352 detineam.
1834 5293 1891 5350 De-

185 5379 293 5436 nempe
307 5363 396 5420 domo
407 5359 502 5418 herili.
521 5361 583 5416 ltro.
1066 5361 1188 5433 tineam,
1213 5379 1360 5420 accusem.
1385 5362 1430 5419 Sto
1455 5361 1506 5418 lib.
1532 5381 1541 5422 1
1566 5369 1602 5423 ad
1617 5367 1683 5425 Nat.
1702 5366 1797 5433 :Quid
1812 5363 1891 5421 euim

166 5463 169 5470 ·
222 5435 279 5508 (59)
293 5436 389 5492 Nouus
404 5435 517 5504 insuper
537 5439 704 5488 censuerunt
721 5433 849 5491 servituti
868 5432 1012 5490 vindicus·
1066 5435 1125 5493 tele
1139 5435 1170 5491 in
1186 5435 1268 5492 vobis
1282 5433 1442 5492 detinebo?
1457 5433 1522 5492 ltro.

187 5508 234 5566 doc
248 5509 297 5581 qui
308 5523 372 5564 mum
385 5503 596 5588 clicuicvsernir,
611 5505 666 5559 eto.
691 5503 831 5588 iutelligit
853 5505 904 5563 SC.
929 5504 1013 5562 ulau·
1102 5507 1159 5580 (61)
1174 5508 1281 5565 Possim
1295 5505 1464 5580 ignobilibus
1479 5513 1506 5564 ει
1520 5507 1700 5566 mediocribus
1713 5507 1754 5564 ibi
1776 5523 1826 5566 con
1838 5523 1892 5563 uu-

189 5581 313 5637 nianum
330 5579 366 5636 de
382 5575 556 5635 mulieribus
568 5589 632 5645 que
648 5587 679 5629 se
694 5574 796 5634 strenis
808 5579 900 5636 servis
911 5577 1014 5649 junxs·
1068 5583 1181 5648 cuntur.
1197 5579 1249 5650 lbi,
1267 5580 1320 5637 boo
1334 5583 1389 5647 est,
1405 5579 1483 5652 apud
1501 5580 1688 5666 gentiles.Sio
1704 5595 1804 5653 supra,
1827 5581 1894 5637 ,erte

190 5653 307 5716 suntad
324 5650 400 5724 quod
413 5643 1014 5728 sanatusconsultumtuliusPaulusSen·
1068 5651 1143 5708 istud
1156 5652 1320 5712 secuudum
1335 5653 1376 5710 ibi
1390 5667 1456 5710 esee.
1477 5652 1532 5725 lbr,
1556 5652 1584 5709 id
1608 5657 1665 5724 est,
1688 5651 1719 5710 in
1740 5651 1891 5711 nubendo.

187 5725 297 5783 tentiae
305 5721 561 5795 composuit,quss
572 5733 587 5775 e
597 5717 695 5775 codice
707 5719 863 5779 Vesontino
878 5723 1015 5796 cujacius
1068 5723 1134 5782 lim.

189 5797 417 5857 Observationum
430 5809 545 5858 cuorum
555 5791 629 5852 libro
638 5791 767 5852 viuum
775 5794 868 5869 primo
878 5795 1015 5856 inseruit.
