4096 6180
234 290 294 355 rte
497 286 759 354 subrutilant
784 287 945 356 erubunt
967 285 1068 352 PARS
1089 289 1317 354 1.·-8buttus
1339 291 1364 366 1,
1386 281 1670 354 neotuuuriuu'.
1731 332 1736 341 ι
1853 297 1904 362 tiu

236 424 323 482 limus
344 441 411 496 ergo
434 423 634 494 imperatorem
658 421 711 492 sic,
728 423 871 495 quomodo
895 427 924 479 et
945 421 1029 480 nobis
1057 421 1133 492 iicct,
1151 430 1179 480 et
1200 421 1254 494 ipsi
1274 423 1398 495 expedit,
1415 428 1445 480 ut
1460 422 1605 480 heminam
1622 438 1639 478 a
1654 423 1706 480 Dee
1719 427 1903 497 secundum;s

234 516 376 572 etiterum
395 529 402 569 :
423 517 547 582 altaque
561 521 589 567 et
603 509 797 567 sacrificamus
812 527 862 582 pro
877 511 969 568 salute
996 511 1192 583 imperatoris;
1210 513 1258 570 sed
1284 511 1341 568 Deo
1363 518 1472 580 nostro,
1490 517 1516 568 et
1537 510 1637 584 ipsius.
1654 532 1667 561 ιι
1683 511 1742 570 Post
1764 514 1907 574 diuturnam

234 621 298 662 vero
320 601 634 676 persecutionemque
658 599 711 655 sub
732 600 825 657 Severi
849 600 970 672 imperio
993 601 1126 673 contigit,
1148 601 1209 659 hac
1228 601 1435 658 Tertullianum
1457 601 1606 672 scripsisse
1632 601 1696 658 inde
1716 611 1825 672 constat,
1843 607 1908 676 quod

233 693 359 766 quinque
387 691 571 761 proconsules
600 689 888 762 uurrscret,aquibus
912 690 1067 747 Christiani
1096 688 1186 747 vexati
1214 690 1336 762 inerant,
1365 691 1470 763 quique
1499 705 1564 746 curn
1593 690 1624 746 in
1651 691 1738 748 varias
1759 692 1909 750 incidissent
2010 749 2011 772 ,

233 780 417 852 calamitates,
449 779 549 836 horum
576 777 708 849 exemplo
734 779 895 850 Scapulam.
920 785 951 835 ut
977 779 1031 836 sihi
1059 787 1180 850 careret,
1212 780 1356 848 hortatur;
1380 795 1446 837 cum
1476 779 1619 851 praecipue
1646 786 1768 849 portenta
1795 782 1906 852 quedam

234 870 404 941 Carthagiue
426 869 486 924 sisa
513 869 629 935 luerint,
644 868 738 924 statim
766 882 799 924 uc
821 868 898 924 idem
926 868 1047 939 Scapula
1072 868 1246 940 prouinciam
1262 868 1417 940 ingressus,
1433 867 1579 924 liavilium
1595 867 1801 924 Adrumeticum
1825 869 1908 926 Chris·

234 960 343 1016 tbeum
373 957 516 1014 hominem
540 955 576 1012 ad
601 955 706 1012 bestias
730 957 910 1013 damnaverat
926 973 933 1013 ι
952 979 966 1009 ι
989 957 1050 1014 ribi
1079 973 1193 1031 qnoque
1216 965 1348 1030 optamus
1370 957 1596 1014 admonitionem
1620 954 1708 1012 solam
1731 955 1821 1030 inisse,
1845 959 1909 1030 quod

233 1064 301 1106 cum
313 1047 527 1103 Adrumeticum
544 1045 688 1103 Manilium
702 1047 737 1101 ad
752 1044 857 1103 bestias
871 1047 1048 1117 damnasses,
1065 1055 1092 1104 at
1107 1047 1201 1103 statim
1219 1047 1279 1104 haec
1292 1047 1401 1104 sanatio
1412 1045 1562 1103 subsecuta
1576 1053 1627 1102 est.
1645 1065 1660 1094 v

268 1139 402 1206 Quanam
427 1143 522 1192 antam
545 1134 630 1190 inerit
655 1134 705 1190 iiia
729 1135 846 1206 vexatio,
864 1135 908 1191 his
931 1135 1025 1194 verbis
1049 1144 1144 1192 narrat
1160 1152 1166 1190 t
1184 1159 1199 1187 ιι
1216 1138 1352 1194 Caeterum
1368 1143 1396 1192 et
1409 1136 1501 1192 imbre
1515 1133 1585 1192 anni
1601 1134 1742 1205 praeteriti,
1758 1133 1821 1204 quid
1845 1149 1911 1192 com·
2010 1149 2011 1228 ι

232 1227 364 1283 meruerit
385 1241 475 1296 genus
491 1225 648 1280 humanum
672 1225 813 1294 apparuit,
830 1225 1035 1294 cataclysmum
1055 1223 1175 1292 seilicet,
1190 1233 1218 1282 et
1240 1233 1314 1284 retro
1338 1225 1428 1282 luisse
1452 1232 1567 1296 propter
1587 1223 1806 1292 incredulitates,
1819 1231 1843 1280 ct
1862 1225 1911 1280 ini·
2010 1233 2011 1302 t

231 1317 351 1387 quitates
372 1314 539 1380 horninum;
555 1319 582 1369 et
597 1313 686 1381 ignes,
702 1315 750 1384 qui
765 1329 851 1385 supra
868 1314 972 1370 moeoia
1000 1313 1178 1386 Carthaginis
1201 1315 1331 1386 proxime
1353 1314 1550 1385 pependerunt
1574 1329 1623 1384 pur
1646 1321 1766 1378 noctem,
1781 1313 1843 1384 quid
1864 1312 1911 1368 mi·
2010 1305 2011 1308 ’

232 1405 291 1461 nati
305 1405 375 1472 sini,
391 1403 495 1470 sciunt,
511 1401 558 1475 qui
574 1401 722 1466 videruntr
735 1409 763 1458 et
778 1402 899 1474 pristina
916 1392 1128 1475 tonitrua'quii
1148 1403 1322 1475 sonaverint,
1338 1404 1444 1470 sciunt,
1460 1403 1508 1474 qui
1530 1401 1732 1460 obduruerunt.
1746 1401 1844 1478 tinnis
1861 1401 1912 1457 han

231 1495 312 1564 signa
331 1500 396 1548 suut
412 1492 589 1547 imminentis
603 1492 652 1546 irae
666 1491 728 1556 Dei,
743 1508 827 1562 quum
847 1507 961 1548 neccsse
976 1499 1150 1564 est,quoque
1174 1493 1258 1550 medo
1283 1507 1442 1564 possumus,
1459 1497 1489 1547 ut
1515 1497 1545 1548 et
1571 1492 1786 1559 annuntiemus,
1804 1496 1831 1547 et
1850 1505 1912 1560 pue·

229 1583 368 1648 dicemus,
384 1589 412 1636 et
439 1582 623 1651 deprecemur
651 1580 764 1637 interim
793 1579 916 1636 localem
944 1597 1025 1647 esse;
1042 1581 1230 1638 universalem
1250 1582 1327 1638 enim
1357 1589 1384 1637 et
1412 1595 1574 1652 supremam
1589 1595 1641 1636 suo
1657 1577 1912 1650 temporeseuticut,
2010 1595 2011 1620 ι

230 1671 277 1741 qui
292 1667 424 1740 exempla
439 1670 501 1739 aJus
515 1668 598 1725 aliter
612 1667 842 1740 interpretantur.
861 1667 931 1726 Nam
952 1675 979 1725 et
1002 1668 1044 1726 soi
1068 1668 1117 1726 ilia
1146 1669 1176 1726 in
1205 1677 1348 1726 conventu
1379 1667 1514 1738 Uticensi,
1529 1667 1669 1725 exstincto
1698 1667 1779 1738 piene
1806 1666 1912 1736 lumine,
2010 1723 2011 1740 ,

229 1763 300 1817 adeo
320 1766 481 1832 portentum
507 1757 571 1828 init,
587 1766 617 1814 ut
641 1773 699 1814 oon
722 1757 845 1829 potuerit
866 1772 900 1813 ex
924 1755 1069 1814 ordinario
1091 1757 1215 1830 deliquio
1240 1757 1293 1814 hoc
1317 1757 1385 1829 pati,
1401 1757 1510 1829 positus
1531 1756 1561 1813 in
1576 1771 1627 1812 suo
1643 1756 1816 1829 hypsomate,
1830 1755 1911 1812 etde·
2010 1751 2011 1758 ’

229 1845 349 1906 miciiio.
365 1846 476 1903 iiahetia
503 1845 705 1916 astrologos.»
733 1845 840 1903 Deinde
868 1854 897 1902 ut
925 1845 1077 1916 scapulam
1105 1845 1141 1902 ah
1170 1845 1344 1904 effundendo
1364 1843 1587 1902 Christianorum
1602 1844 1741 1918 sanguine
1767 1843 1913 1912 deterreret,
2010 1867 2011 1888 ι

229 1936 296 2008 quid
312 1935 387 2007 passi
400 1934 459 1990 sint
472 1931 522 1990 aiii
536 1934 683 2005 presides,
698 1942 832 1991 enarrat:
851 1956 862 1984 ι
880 1933 1032 1990 Doleamus
1047 1949 1163 1991 neccsse
1177 1941 1229 2002 est,
1246 1935 1320 2004 quod
1336 1932 1417 1991 nnila
1435 1932 1535 1991 civitas
1549 1934 1668 2005 impune
1691 1931 1781 1990 latura
1802 1931 1836 1988 sit
1857 1945 1912 1986 sau·
2010 1961 2011 1972 ι

228 2022 621 2096 gurnisnostrieiiusienem,
638 2024 711 2079 sicut
730 2022 822 2081 etsuh
851 2022 996 2079 Hilariano
1025 2023 1233 2092 praeside,cum
1263 2023 1298 2079 de
1321 2023 1395 2080 areis
1418 2021 1625 2094 sepulturarum
1651 2029 1807 2079 nostrarum
1830 2019 1912 2076 accia-
2010 2087 2011 2096 χ

227 2119 373 2170 mussent:
391 2119 472 2168 arem
487 2129 543 2169 non
560 2113 628 2168 sint.
645 2113 725 2169 hreae
739 2113 864 2183 ipsorum
881 2127 938 2169 non
953 2113 1076 2177 luerunt,
1093 2126 1200 2169 messes
1211 2112 1288 2170 euim
1308 2128 1374 2168 suas
1396 2127 1454 2170 een
1469 2120 1599 2182 egerunt.
1617 2134 1631 2162 n
1648 2113 1687 2170 ic
1709 2117 1770 2184 post
1788 2107 1915 2166 nonnulis
2010 2097 2011 2118 ¹

227 2203 296 2260 aiibi
323 2202 409 2260 relata
433 2203 525 2258 subdit
539 2218 546 2256 ι
561 2225 574 2252 ιι
590 2206 745 2260 Possumus
770 2217 850 2274 seque
878 2211 905 2259 et
932 2201 1024 2259 exitus
1052 2203 1239 2274 quorumdum
1265 2203 1420 2274 praesidum
1449 2201 1499 2258 tihi
1520 2202 1735 2275 exponere,qni
1749 2200 1780 2258 in
1794 2197 1912 2258 inausa

226 2307 285 2348 susa
298 2289 435 2348 recordati
453 2296 519 2345 sunt
533 2288 698 2360 deliquisse,
714 2291 789 2360 quod
803 2289 952 2346 vesasseui
970 2289 1152 2346 christianos.
1169 2289 1307 2361 Vigellius
1329 2290 1511 2357 Saturninus,
1527 2291 1575 2360 qui
1599 2291 1711 2362 primus
1733 2287 1778 2346 hic
1802 2286 1913 2356 gladium

225 2381 256 2437 in
272 2397 324 2438 nos
337 2380 403 2450 egit,
421 2378 532 2434 inmina
546 2379 650 2434 amisit.
667 2379 801 2434 Claudius
813 2379 1016 2435 Herminianus
1038 2380 1067 2434 in
1082 2379 1268 2449 Cappadocia,
1285 2393 1352 2435 cum
1380 2380 1498 2450 indigne
1521 2378 1616 2435 ierens
1645 2393 1763 2435 uxorem
1784 2391 1858 2433 suam
1883 2373 1914 2427 ad

227 2471 300 2526 hanc
314 2479 418 2525 sectam
435 2467 591 2536 transiisse,
608 2466 784 2523 Christianos
800 2466 953 2524 crudeliter
981 2472 1138 2532 tractasset,
1155 2466 1289 2538 solusque
1317 2468 1346 2523 in
1372 2467 1503 2538 praeterio
1532 2483 1583 2523 suo
1613 2475 1737 2524 vastatus
1761 2471 1844 2537 peste,
1857 2475 1915 2519 cum

226 2560 304 2617 uirus
333 2557 474 2614 vermibus
499 2555 666 2613 ebullisset:
685 2556 773 2614 Nemo
801 2556 881 2624 sciat,
897 2555 999 2626 aiebat,
1017 2572 1053 2613 nu
1080 2573 1131 2630 spe
1156 2557 1298 2625 gaudeant
1316 2552 1485 2613 Christiani.
1500 2557 1598 2614 Postea
1613 2559 1728 2628 cognito
1743 2570 1834 2613 errore
1860 2566 1914 2623 aue,

226 2647 298 2719 quod
326 2644 475 2702 tormentis
502 2644 641 2716 quosdam
666 2661 682 2700 a
710 2645 855 2717 proposito
885 2659 936 2700 suo
959 2645 1090 2701 excidere
1104 2644 1226 2715 iecisset,
1243 2661 1316 2718 pene
1330 2644 1508 2702 Christianus
1522 2645 1653 2702 decessit.
1670 2644 1800 2702 Caecilius
1814 2639 1916 2713 Capella

224 2739 254 2794 in
279 2733 331 2791 iiio
354 2736 430 2790 exitu
457 2733 621 2803 Byzantina,
637 2733 827 2800 Christianos,
846 2732 983 2804 Gaudete,
1001 2733 1178 2792 acclamavit.
1195 2733 1249 2790 Sed
1272 2741 1300 2790 et
1325 2733 1372 2806 qui
1401 2735 1533 2790 videntur
1549 2733 1604 2791 sihi
1618 2733 1742 2808 impune
1756 2732 1860 2802 tulisse,
1873 2743 1915 2786 ve·

229 2825 310 2881 nient
325 2822 355 2879 in
370 2822 445 2878 diem
460 2821 548 2876 divini
559 2821 670 2892 indicii.
687 2843 702 2872 a

263 2911 339 2970 698
356 2911 511 2968 Ριιιιιιιιιιιι
538 2911 634 2978 etiarn,
650 2912 697 2982 qui
726 2910 755 2968 io
774 2911 950 2968 Christianos
964 2911 1062 2969 mitius
1076 2916 1205 2984 egerunt,
1219 2911 1350 2982 exempla
1363 2911 1442 2966 addit
1459 2926 1466 2966 :
1484 2935 1498 2965 ι
1515 2911 1617 2978 Quanti
1632 2915 1729 2970 autem
1746 2908 1880 2981 presides,
1892 2911 1915 2963 ut

225 3002 442 3070 eonstantiores,
459 3007 485 3056 et
499 3000 672 3056 crudeliores
686 2999 936 3058 dissimulaverunt
952 3000 987 3056 ab
1004 2999 1166 3072 hujusmodi
1180 3000 1295 3056 causis?
1322 3000 1354 3058 Ut
1377 2999 1493 3057 Cincius
1521 3003 1639 3057 Severm
1663 3000 1714 3071 qui
1737 2997 1837 3056 Thistri
1862 2996 1914 3066 ipss

225 3093 303 3149 dedit
328 3089 496 3158 remedium,
520 3088 663 3159 quomodo
688 3090 890 3158 responderent
915 3088 1079 3156 Christiani,
1105 3095 1134 3144 ut
1154 3087 1258 3144 dimitti
1283 3096 1408 3159 possent.
1436 3087 1468 3146 lit
1495 3073 1667 3160 Vespronius
1696 3087 1846 3152 Candidus,
1873 3083 1914 3155 qui

225 3179 418 3237 Christianum
434 3176 514 3248 qnasi
529 3176 738 3232 tumultuosum
752 3176 861 3233 civibus
885 3177 943 3232 suis
962 3175 1123 3233 satisfacere
1147 3175 1265 3232 dimisit.
1283 3175 1315 3232 Ut
1332 3177 1427 3247 Asper,
1444 3176 1493 3246 qui
1508 3177 1618 3234 modice
1634 3185 1766 3233 seratum
1782 3173 1914 3231 homiuum

224 3277 250 3325 et
267 3269 363 3325 statim
381 3266 533 3336 deiectum,
549 3279 602 3321 nee
618 3264 788 3321 sacrificium
805 3265 941 3335 compulit
955 3266 1057 3333 iacere,
1081 3275 1147 3322 anta
1171 3264 1313 3336 proiessus
1336 3265 1411 3322 iuter
1428 3266 1580 3323 advocatos
1594 3273 1622 3322 et
1636 3281 1804 3332 assmsores,
1828 3263 1915 3320 dolore
2010 3315 2011 3320 ,

223 3372 253 3414 se
273 3355 409 3412 incidisse
422 3355 451 3410 in
467 3353 541 3409 hauc
557 3368 681 3409 causam.
706 3353 818 3410 Pudens
841 3354 926 3409 ctiam
949 3355 1068 3410 missum
1083 3355 1117 3409 ad
1134 3369 1163 3410 se
1174 3353 1379 3420 Christianum,
1395 3355 1424 3410 in
1441 3353 1533 3426 elogio
1549 3355 1741 3412 couscussione
1755 3353 1815 3424 ejus
1836 3347 1914 3406 intei-

224 3440 308 3510 ia‘cta,
324 3443 442 3511 dimisit,
459 3440 549 3497 scisse
564 3442 663 3497 eodesn
690 3442 792 3512 elogio,
822 3443 885 3498 sine
907 3450 1071 3499 accusatore
1095 3458 1203 3512 negans
1225 3458 1255 3498 se
1278 3443 1439 3498 auditurum
1457 3442 1614 3511 hominem,
1630 3444 1790 3501 secumdum
1806 3439 1916 3498 munda·

222 3542 294 3590 tum.
310 3537 377 3587 iiaee
391 3547 488 3586 omnia
502 3529 563 3594 tibi,
579 3539 606 3585 et
620 3531 654 3585 dc
674 3528 768 3587 oiiicio
792 3532 904 3602 suggeri
930 3539 1057 3602 possunt,
1083 3537 1110 3586 et
1132 3529 1167 3587 ab
1179 3531 1289 3587 eisdem
1303 3531 1455 3598 advocatis,
1470 3533 1520 3602 qui
1535 3541 1562 3588 ct
1577 3531 1631 3603 ipsi
1659 3531 1799 3589 heneiieia
1823 3527 1916 3585 hahent

221 3622 450 3680 Christianorum
476 3619 540 3676 licet
564 3620 722 3676 acclamant
746 3636 807 3691 qnae
826 3621 944 3689 reiunt;
973 3635 1038 3676 nam
1066 3627 1093 3676 et
1115 3620 1261 3689 cujusdam
1289 3621 1424 3690 notarius,
1450 3636 1516 3679 eum
1540 3640 1557 3677 a
1581 3625 1715 3680 damona
1739 3620 1915 3693 precipitare·
2010 3647 2011 3692 t

221 3726 276 3783 pur,
302 3709 437 3766 iiheratus
461 3715 523 3777 est;
547 3715 574 3764 et
592 3709 779 3778 quorumdam
805 3709 990 3780 propinquus,
1015 3714 1043 3765 et
1067 3709 1214 3779 pucruius,
1236 3716 1262 3764 et
1291 3709 1389 3781 quanti
1405 3709 1519 3767 honesti
1536 3711 1587 3767 riri
1603 3711 1649 3780 (de
1668 3709 1829 3783 vulgaribus
1843 3706 1912 3764 enirn

220 3815 279 3856 non
300 3797 433 3870 dicimus)
458 3804 505 3854 aut
530 3813 546 3852 a
572 3795 730 3868 daemoniis,
755 3800 804 3853 uui
827 3797 1036 3854 valetudinibus
1060 3797 1206 3852 remediati
1229 3799 1313 3854 sunti
1342 3797 1447 3854 s'i'um
1462 3799 1557 3855 Severi
1573 3799 1654 3855 raiert
1671 3798 1849 3872 imperatoris
1870 3807 1916 3850 er·
2010 3839 2011 3872 ,

220 3888 360 3958 emplum,
375 3885 424 3958 qui
439 3903 456 3941 a
470 3884 631 3942 Christiano
647 3885 772 3953 homine,
788 3886 851 3942 oleo
866 3887 1012 3954 inunctus,
1029 3893 1144 3943 curatus
1159 3886 1267 3942 iuerat:
1285 3907 1300 3936 ιι
1323 3886 1385 3958 lpse
1408 3887 1495 3943 etiam
1519 3887 1649 3956 Severus,
1674 3897 1755 3960 puter
1780 3883 1915 3946 Antonini,
2010 3931 2011 3952 ,

221 3977 448 4034 Christianorum
477 3989 585 4032 nrenror
607 3973 676 4030 iuit:
703 3989 769 4030 nam
793 3979 821 4031 et
846 3975 999 4031 Proculum
1022 3973 1226 4045 Christianum,
1256 3973 1304 4045 qui
1328 3975 1489 4047 Toparcieu
1519 3976 1790 4045 cognominabatur,
1818 3971 1915 4030 iivodie
2010 3967 2011 4026 l

223 4071 443 4134 procuratorem,
460 4063 508 4135 qui
523 4077 588 4120 eum
614 4078 663 4133 per
687 4063 781 4120 oleum
804 4064 956 4134 aliquando
983 4070 1138 4133 curaverat,
1169 4061 1323 4136 requisivit,
1350 4073 1377 4121 et
1398 4064 1429 4120 in
1456 4064 1558 4134 palatio
1580 4081 1630 4122 suo
1645 4064 1750 4122 hahuit
1776 4078 1862 4133 usquc
1886 4057 1916 4116 ad
2010 4099 2011 4126 2

222 4162 343 4212 mortem
358 4154 428 4224 ejus,
445 4167 531 4224 quem
546 4159 573 4207 et
586 4152 744 4208 Antoninus
767 4153 873 4222 optimc
897 4160 1012 4208 neverat
1037 4152 1110 4208 lactc
1131 4151 1290 4208 Christiano
1305 4152 1450 4210 educatus.
1467 4175 1480 4204 ι
1507 4153 1660 4224 Scapulam
1692 4154 1808 4212 undam
1823 4151 1915 4208 admu-
2010 4131 2011 4196 ἶ

223 4251 282 4313 net,
311 4249 341 4298 ut
362 4259 379 4297 a
401 4241 624 4297 Christianorum
660 4240 863 4312 perquisitione
887 4249 989 4311 cesset,
1013 4255 1050 4296 ne
1074 4248 1130 4296 tota
1153 4240 1291 4311 Carthago
1316 4240 1541 4298 Christianorum
1574 4243 1717 4312 sunguine
1754 4241 1915 4312 impleatur:
2010 4291 2011 4310 ,

221 4353 235 4384 ιι
252 4330 324 4400 Quid
338 4331 400 4401 ipsa
413 4330 551 4401 Carthago
567 4346 685 4400 passura
707 4333 749 4385 est
771 4329 939 4385 decimanda
960 4346 977 4384 a
1000 4335 1037 4398 ta,
1063 4343 1129 4386 cum
1153 4329 1336 4399 propinquos,
1352 4344 1417 4387 cum
1433 4330 1652 4388 contubernales
1667 4347 1736 4388 suos
1764 4330 1825 4387 iiiio
1838 4339 1916 4383 unus·
2010 4315 2011 4362 l

220 4421 340 4494 quisque
354 4421 527 4490 cognoverit,
551 4433 616 4475 cum
638 4419 739 4474 viderit
761 4416 820 4472 illic
844 4417 971 4487 iertasse,
994 4426 1020 4473 et
1042 4417 1081 4473 tui
1112 4417 1221 4472 ordinis
1236 4417 1319 4485 viros,
1336 4426 1364 4474 et
1381 4426 1532 4488 instrunas,
1549 4428 1576 4476 et
1601 4421 1779 4492 principales
1801 4427 1920 4491 quasque
2010 4451 2011 4456 ι

220 4526 366 4584 personas,
382 4515 408 4567 et
424 4509 581 4566 amicorum
602 4515 725 4574 tuorum,
749 4504 793 4562 vri
818 4507 1002 4578 propinquos,
1028 4505 1071 4565 vei
1088 4505 1220 4564 amicus?
1236 4511 1323 4564 Parce
1337 4508 1510 4580 Carthagini,
1526 4511 1552 4566 si
1569 4525 1627 4568 non
1644 4511 1713 4567 tibi:
1748 4525 1832 4581 parce
1858 4519 1918 4579 pru·
2010 4485 2011 4512 ¹

221 4601 332 4668 vincia,
349 4615 411 4671 quae
425 4599 484 4654 visa
499 4598 659 4654 irrientionu
683 4603 739 4665 tua,
760 4595 883 4652 obnoxia
907 4597 980 4652 iacta
1003 4601 1046 4652 est
1064 4596 1312 4663 concussionibus,
1341 4605 1369 4653 at
1393 4595 1527 4666 miiitum,
1551 4606 1578 4654 et
1599 4599 1784 4656 inimicorum
1811 4607 1919 4654 suorum
2010 4605 2011 4660 j

221 4688 368 4760 cujusque.
387 4685 612 4756 abaciacum,
628 4685 781 4754 quodcum
797 4685 884 4742 semei
899 4684 1073 4742 innotuisset
1096 4686 1245 4755 praesidem
1260 4685 1430 4741 Christianis
1451 4685 1598 4742 intensum
1624 4703 1699 4755 esse,
1723 4673 1847 4760 gentiles
1867 4689 1919 4737 tur·

222 4778 319 4834 mutim
334 4777 364 4833 in
378 4793 427 4833 eos
442 4789 545 4844 magno
559 4773 652 4828 inrore
665 4773 801 4845 impetum
818 4775 920 4842 iacere,
938 4774 1066 4846 predari,
1090 4781 1176 4844 utque
1198 4789 1319 4831 enecare
1348 4773 1486 4831 solebant.
1509 4778 1646 4833 catarum
1677 4777 1755 4832 haud
1784 4766 1921 4841 exstingui

221 4867 418 4937 persecutione
433 4859 620 4920 Christianam
635 4863 812 4934 religionem,
828 4865 874 4919 sed
893 4863 1039 4933 propagari
1053 4863 1157 4932 potius,
1176 4862 1219 4918 his
1232 4863 1324 4919 rcrhis
1339 4863 1470 4918 adnotat:
1490 4885 1504 4914 ι
1525 4867 1583 4920 Nec
1606 4869 1704 4921 tamen
1731 4863 1843 4921 deliciet
1866 4861 1920 4915 hec

220 4962 306 5022 secta,
320 4969 407 5026 quam
424 4960 492 5008 tusic
507 4953 598 5023 magis
612 4951 746 5007 rediiicari
762 4951 845 5019 seins,
859 4966 922 5007 cum
938 4951 1008 5008 caedi
1023 4951 1141 5007 ridetur.
1167 4953 1291 5022 Quisque
1316 4951 1364 5007 eni
1411 4959 1518 5007 tanum
1534 4952 1713 5009 tolerantiam
1729 4959 1872 5024 spectans,
1894 4959 1920 5014 ιιι

217 5043 314 5115 siiquo
328 5041 463 5113 scrupulo
478 5055 640 5112 percussus,
655 5049 682 5095 et
698 5041 842 5113 inquirere
857 5040 1035 5110 accenditur,
1051 5039 1120 5111 quid
1132 5040 1168 5096 sit
1183 5043 1212 5096 in
1228 5056 1331 5097 causa:
1348 5046 1375 5097 et
1390 5039 1436 5096 uhi
1452 5043 1617 5112 cugnorerit
1642 5042 1802 5110 veritatem,
1818 5048 1845 5097 et
1867 5038 1921 5106 ipse

217 5131 311 5186 statim
327 5134 464 5204 sequitur.
479 5151 493 5180 a
513 5129 651 5186 iiactanua
665 5128 860 5186 'iertuiiiuuus
875 5129 910 5184 ad
923 5126 1082 5199 soaqulam.
1100 5129 1189 5185 horae.

488 5352 607 5410 cnrbu
620 5351 777 5408 PiiibiUbi.
1099 5348 1129 5404 in
1146 5349 1199 5406 has
1213 5367 1328 5424 pugnas
1342 5352 1565 5420 eecudamsrs,ea
1579 5369 1641 5425 quae
1658 5357 1736 5409 heus
1751 5343 1924 5424 repromittit
2010 5371 2011 5384 ι

253 5439 312 5496 iius
327 5439 443 5512 quidem
467 5456 562 5514 neque
577 5438 810 5513 expavescimus,
835 5448 931 5512 neque
954 5437 1044 5512 perii·
1098 5439 1238 5511 consequi
1254 5443 1401 5511 aptantes,
1417 5445 1446 5497 ei
1459 5457 1492 5498 ea
1507 5457 1572 5514 quas
1586 5441 1708 5498 diversa
1721 5441 1787 5497 vitu
1803 5433 1922 5497 commi·

218 5528 376 5586 messuimus
400 5546 435 5587 ea
456 5547 519 5604 qum
535 5530 571 5585 ab
586 5528 792 5607 ignorantibus
807 5528 936 5602 patimur
953 5545 959 5585 :
975 5543 1043 5584 curn
1098 5531 1186 5582 natur
1202 5527 1259 5600 pati
1274 5528 1424 5587 timentes.
1442 5529 1574 5604 lienique
1588 5529 1669 5586 omni
1694 5529 1810 5586 sevitia
1830 5529 1923 5583 restra
2010 5519 2011 5550 ³

214 5617 340 5676 adharm
355 5625 476 5691 sestam,
492 5619 593 5691 utiquc
607 5623 746 5691 suscepta
770 5617 937 5674 conditione
966 5617 1043 5689 cius,
1097 5621 1313 5686 concertamus.
1337 5620 1426 5678 eiiam
1451 5617 1528 5676 uitro
1551 5622 1756 5694 erumpentes,
1773 5616 1923 5690 magisque
2010 5665 2011 5678 ,

217 5706 296 5780 pacti
305 5709 622 5784 usumimasmdstiam
638 5707 753 5766 animas
768 5709 886 5766 nostras
900 5703 1044 5764 saumae
1097 5705 1228 5767 damnati
1241 5723 1332 5784 quarn
1342 5706 1472 5768 ansatas
1486 5709 1661 5786 audemus.
1671 5709 1782 5786 itaque
1797 5706 1876 5764 huuc
1890 5699 1921 5762 it·
