4156 6194
130 367 171 426 ’Π
794 296 1060 428 TuttTUttltttt
1082 364 1189 428 vt'trt.
1797 370 1839 431 'lb

130 513 271 566 manuos,
300 509 435 556 massana
469 515 587 571 munos,
630 515 665 556 na
701 515 782 557 sarua
822 513 961 556 anvmsns
973 497 1001 564 A
1052 497 1203 562 Quacum
1229 503 1388 573 utcumque
1412 498 1530 555 tandem
1557 497 1692 571 exposita
1714 498 1836 569 luerint,

132 605 334 654 ruinosoruos.
355 607 392 645 uu
418 604 508 646 cenas
539 605 645 646 enatem
669 605 805 648 anvansue
834 605 961 655 ourruoa
1017 586 1289 663 penitusexplioata
1305 593 1478 646 totnmente
1494 591 1596 645 nostra
1618 593 1681 644 tum
1705 587 1742 645 de
1769 590 1843 645 Tar·

133 695 276 748 amasses,
296 696 332 734 ns
354 694 581 736 saeuaaacrrosa
609 697 702 737 cauma
725 695 864 740 invenem
893 696 961 735 ara·
1018 675 1135 733 tulliani
1156 678 1332 736 auctoritate
1360 695 1427 735 vera
1451 691 1484 734 aa
1509 684 1589 735 recto
1622 695 1687 746 usu,
1717 681 1781 735 tum
1804 677 1842 735 dc

134 785 284 837 ctoersria,
300 771 679 833 entoscusenoerrcoeltem
695 769 795 825 sedato
812 767 963 825 interdum
1017 764 1147 822 instituti
1177 767 1270 824 nostri
1298 767 1421 841 origine,
1456 767 1601 824 subsidiis
1639 784 1673 824 ao
1712 767 1842 838 ratione,

131 857 189 914 illo
206 857 402 930 impugnandi
418 857 528 913 fervido
557 863 642 925 estu,
671 857 787 914 animos
816 871 963 914 recreasse
1018 853 1106 909 tinem
1136 855 1257 912 demum
1296 857 1438 930 prestandi
1465 856 1615 928 facientes,
1650 855 1783 914 diximus.
1808 888 1843 899 -

133 945 266 1004 soluisse
288 946 405 1002 videtur
433 961 499 1002 cum
528 945 700 1018 posterioria
737 947 834 1002 seriei.
860 947 963 1002 Lrunos
1018 943 1110 1001 Deum
1126 961 1193 1002 vcro
1206 945 1314 1002 iterum
1329 947 1506 1018 iterumque,
1532 950 1565 1002 ut
1587 945 1771 1018 inchoantes,
1801 945 1844 1004 ita

133 1053 262 1094 somam
299 1034 465 1107 descripsit,
494 1053 528 1091 na
565 1052 697 1094 ventuosa
723 1051 891 1101 veneramus,
929 1051 964 1090 un
1019 1038 1047 1088 et
1062 1033 1248 1092 absolventes
1263 1051 1348 1108 opus,
1363 1036 1447 1092 enixo
1462 1051 1612 1108 rogamus,
1633 1035 1840 1108 deprecamur·

134 1142 343 1183 axuoarsrross
359 1140 524 1192 cesseritis,
538 1143 572 1181 na
587 1141 755 1197 uoaoeaurr,
774 1143 809 1182 na
836 1141 963 1195 saruuus,
1019 1137 1085 1192 que,
1102 1121 1271 1196 almumque
1286 1124 1376 1181 simul
1392 1125 1547 1198 Deiparam
1557 1123 1718 1198 Virginem,
1730 1126 1841 1197 capelo-

136 1233 175 1272 na
190 1231 335 1286 rumcirn,
351 1229 385 1270 na
397 1230 501 1270 etauio.
518 1213 618 1270 Exstat
633 1214 730 1270 adhuc
754 1215 869 1286 insigne
893 1215 964 1270 Ter·
1019 1227 1084 1267 rom
1099 1211 1297 1286 hominumque
1317 1221 1434 1271 matrem
1448 1231 1481 1270 uo
1493 1212 1622 1280 deliciae,
1647 1218 1843 1286 cunctamque

136 1304 257 1360 tulliani
273 1319 356 1377 opus,
383 1302 442 1358 imo
472 1302 632 1360 maximum
663 1321 696 1359 ac
726 1302 965 1369 celeberrimum,
1021 1301 1386 1373 triumphantiellcclesiae
1406 1301 1609 1376 splendentem
1638 1318 1785 1369 eoronam,
1810 1319 1843 1360 eo
1873 1329 1876 1337 s

136 1411 223 1450 urana
237 1409 342 1466 nempe
370 1409 620 1448 rnmoarmrouuu
643 1409 782 1450 anvaasus
810 1408 966 1448 unamines
1020 1389 1084 1462 ipso
1099 1391 1201 1463 dequo
1218 1408 1339 1448 manum
1355 1393 1390 1448 de
1418 1391 1520 1448 tabula
1540 1391 1674 1460 tulimus,
1704 1391 1842 1449 ooelorurn

135 1483 662 1553 ossas,deeujusetateaoriter,ut
681 1481 757 1538 inira
785 1483 885 1537 videre
909 1485 964 1548 est,
1020 1483 1225 1553 terrarumque
1254 1481 1366 1537 ambitu
1404 1481 1507 1558 festive
1536 1480 1770 1538 concelebratum
1814 1481 1845 1537 in

134 1573 216 1627 inter
229 1569 360 1627 eruditos
375 1570 577 1642 disceptatur;
594 1586 721 1642 quorum
736 1569 804 1628 lites
815 1587 882 1626 cum
908 1585 967 1626 non
1021 1567 1217 1640 patrocinium
1232 1586 1265 1626 ac
1281 1570 1407 1628 tutelam
1423 1573 1612 1642 advocamus,
1646 1571 1845 1627 obtestamur-

136 1668 273 1717 noetrum
288 1659 326 1714 sit
341 1673 525 1728 componere,
544 1659 673 1715 mediam
707 1659 783 1714 inter
811 1664 967 1732 utramque
1022 1673 1078 1731 que
1094 1662 1126 1713 nt
1144 1658 1205 1714 hec
1229 1659 1391 1716 novissima
1419 1659 1529 1716 diutini
1552 1658 1648 1732 operis
1673 1658 1846 1731 primordia,

135 1747 381 1806 contendentium
406 1747 499 1803 aciem
524 1747 682 1804 stationem
724 1747 877 1821 elegimus,
904 1765 967 1804 me·
1022 1747 1347 1821 Doooptimomasimo
1373 1749 1577 1822 acceptesint,
1600 1747 1733 1805 Ecclesia
1758 1748 1848 1805 matri

136 1836 367 1910 diumquehuic
387 1836 463 1893 libro
492 1835 590 1893 locum
618 1837 821 1911 ascripsimus,
850 1852 966 1911 nempe,
1023 1835 1101 1892 hand
1118 1836 1245 1910 ingrata,
1265 1836 1491 1911 quampluribus
1516 1836 1610 1906 utilia,
1640 1835 1786 1909 nobisque
1816 1837 1846 1894 iu

135 1930 218 1985 inter
228 1925 379 1983 orthodoxi
394 1925 566 1982 Tertulliani
582 1929 611 1982 et
625 1925 759 1997 ejusdem
781 1927 966 1984 montanista
1023 1929 1166 1982 aeternum
1177 1923 1341 1998 profutura.

137 2034 243 2090 opera,
267 2017 297 2071 in
320 2016 415 2071 tronto
445 2013 617 2088 posterioris
642 2014 730 2084 tomi,
761 2020 795 2072 ut
810 2015 966 2072 duodecim

138 2103 297 2179 polemicis
311 2102 396 2162 libris
409 2102 581 2176 prefulgeat
596 2119 629 2160 aa
652 2102 734 2161 velut
754 2103 968 2178 antesignanus
1058 2102 1245 2160 scribebatur
1268 2103 1374 2176 Paria,
1386 2103 1447 2162 llal.
1463 2104 1546 2176 Noa,
1560 2108 1597 2161 M.
1610 2103 1643 2161 D.
1660 2105 1732 2162 CCt'.
1749 2103 1847 2161 Xt111.
1923 2139 1926 2149 ·

142 2199 265 2268 praest.

139 2361 1851 2412 m

573 2545 871 2680 “VITA
923 2555 996 2704 Q.
1048 2555 1419 2684 SEPTIMH

228 2805 891 3009 FLORENTIS
962 2807 1758 3020 TERTULLIANI

563 3095 1043 3187 CARTHAGINENSIS
1071 3096 1432 3192 PllESBYTllllL

667 3280 882 3338 sacrosan
908 3279 1083 3338 secono
1112 3281 1329 3353 sensuro,

427 3449 493 3504 011AE
515 3449 584 3496 atde
604 3449 720 3496 AETATIS
742 3445 856 3496 iteum
877 3447 1018 3502 QUATUOR
1039 3448 1188 3498 eunoun!
1209 3450 1372 3500 atthonis!
1394 3453 1576 3517 coadunat,

177 3754 231 3824 §l
258 3753 414 3824 deponitur
447 3749 551 3824 previa
589 3749 774 3805 controuersia
802 3747 916 3820 duplex.
937 3747 1009 3816 -G
1030 3749 1315 3827 sentMartprologla
1333 3769 1367 3812 ex
1382 3757 1462 3814 Aetia
1477 3757 1624 3830 passionis
1652 3765 1679 3817 S.
1710 3764 1852 3840 Stephani

138 3848 167 3903 t.
183 3845 380 3900 Tauroentum
394 3841 482 3896 vitam
492 3839 551 3896 Deo
567 3837 686 3911 auspice
699 3837 903 3910 descriptoris,
919 3837 971 3909 qui
1026 3837 1110 3911 Papae
1127 3839 1221 3912 pridie
1235 3841 1332 3899 Nonas
1347 3847 1485 3914 Augusti,
1499 3849 1725 3910 Tearuuaraauar
1736 3853 1849 3929 legerit.

140 3933 236 4006 (quod
252 3935 418 3988 memoratu
441 3928 562 3998 dignum
586 3929 642 3994 est)
662 3926 717 3982 suh
744 3926 812 3982 Atro
840 3928 972 3982 Romano
1026 3926 1135 3984 Deinde
1155 3945 1212 3986 non
1228 3931 1592 3996 minushallucinatisunt
1617 3939 1770 4017 lraotsnus,
1800 3944 1851 4018 qui

146 4021 288 4080 Pontitlce
311 4021 340 4075 S.
367 4017 494 4087 Victore,
522 4017 700 4089 Imperatore
726 4015 797 4071 item
818 4015 886 4071 Alro
917 4013 973 4070 sihi
1028 4015 1190 4071 Tertullum
1206 4021 1620 4082 RomanumGonsulemoum
1643 4027 1851 4090 Jureoonsulto

145 4111 327 4184 cognomine
341 4107 481 4180 Septimio
496 4104 687 4175 Severo,Aier
707 4108 736 4160 et
765 4103 828 4175 ipse
855 4103 974 4172 iloruit3
1028 4102 1193 4176 Tertyliano
1215 4106 1409 4179 confundunt,
1425 4113 1578 4170 occasione
1597 4115 1853 4176 senatusconsulti

148 4201 214 4256 dnae
238 4201 402 4256 occurrunt
424 4194 639 4256 controversiae.
653 4209 753 4264 enque
780 4190 973 4248 difficillima.
1029 4192 1251 4263 Tertullianum
1268 4200 1346 4270 quod
1354 4202 1506 4272 complura
1517 4203 1668 4282 Rescripta
1678 4211 1749 4263 sunt
1762 4209 1851 4278 edite,

148 4289 242 4353 Prior,
266 4287 303 4342 de
326 4283 456 4342 Tertullo
479 4282 610 4340 consule.
639 4281 836 4337 Taaruaurmo
865 4285 975 4349 nostro,
1031 4298 1096 4353 qum
1113 4283 1274 4342 recitantur
1291 4288 1321 4344 D.
1338 4289 1369 4346 t.
1381 4289 1427 4345 38.
1444 4291 1478 4348 T.
1495 4291 1595 4362 tuat
1612 4295 1681 4351 Ccd.
1711 4300 1741 4353 [ι.
1767 4297 1795 4354 θ.
1819 4299 1852 4356 T.

149 4376 319 4450 Tartyliano
333 4374 349 4430 J
365 4376 395 4429 C.
412 4377 441 4428 et
454 4377 482 4428 S.
504 4369 656 4428 Tertulino
681 4369 847 4438 Martyres
869 4368 978 4441 quibus
1031 4371 1066 4425 55
1080 4371 1129 4443 (l).
1142 4371 1241 4445 Neque
1256 4376 1333 4432 euim
1346 4377 1465 4450 reperiri
1495 4381 1601 4453 poterit
1616 4382 1724 4458 aliquis
1747 4387 1855 4444 consul

151 4470 281 4539 quatuor
300 4460 530 4518 hallucinatione
559 4459 687 4529 quadam
714 4473 808 4514 unum
836 4456 979 4514 conticere
1031 4459 1241 4531 Tertullianus,
1257 4481 1309 4521 sen
1337 4466 1533 4541 Tertyliauus,
1545 4471 1595 4528 sed
1610 4472 1642 4539 Q.
1659 4473 1775 4533 Μανία.
1788 4480 1857 4533 Ter.

152 4553 276 4628 quidam
294 4550 389 4608 conati
402 4553 484 4605 sunt.
507 4546 616 4611 Altera,
642 4547 677 4601 rte
701 4550 831 4615 tempore
845 4547 874 4599 et
896 4547 979 4600 atate
1033 4547 1203 4606 tulluscum
1221 4552 1331 4611 ticinio
1344 4556 1587 4616 Sacerdoteanno
1602 4560 1636 4618 U.
1661 4562 1692 4620 C.
1707 4562 1857 4630 Deducit.

153 4641 368 4711 Auctorisque
383 4636 452 4702 fidei
466 4632 765 4692 sacramentisnovus
780 4630 889 4689 Christi
904 4634 980 4706 Tyro
1034 4637 1070 4692 ad
1084 4639 1169 4710 enjus
1179 4638 1350 4700 relationem
1362 4645 1527 4718 jamantea,
1535 4648 1698 4722 imperante
1710 4653 1858 4714 Hadriano

151 4731 361 4790 issiffiltlffll·
991 4781 1007 4814 ι
1036 4732 1180 4799 augusto,
1205 4730 1319 4790 dictum
1347 4733 1644 4796 senatusconsultum
1674 4741 1859 4815 publicatum

188 4825 217 4878 2.
233 4821 273 4878 Aa
299 4819 399 4889 pomo.
430 4816 466 4874 de
492 4814 612 4871 Tertullo
639 4811 761 4879 comate,
792 4811 982 4869 Taurunuauo
1035 4818 1091 4870 est.
1108 4813 1213 4887 Utpote
1229 4833 1296 4874 cum
1309 4823 1340 4875 D.
1357 4821 1434 4879 dicto
1449 4823 1545 4882 Titulo
1571 4824 1700 4902 libam,
1731 4835 1762 4887 t).
1793 4831 1861 4888 Pius

153 4919 267 4974 nostro,
290 4907 447 4980 Tertptiuno
460 4906 505 4962 ld.
520 4913 546 4960 et
572 4903 601 4959 S.
623 4901 773 4958 Tertullino
793 4899 921 4974 llurtyre.
947 4931 984 4944 -
1037 4902 1208 4972 decreverit,
1226 4905 1255 4962 in
1280 4909 1408 4979 quadam
1425 4911 1492 4968 iacti
1516 4915 1613 4986 specie
1636 4933 1752 4975 cassare
1773 4919 1862 4976 Sana·

158 5001 200 5056 ad
218 4994 435 5072 prioremquod
451 4993 565 5062 attinet,
583 4991 727 5064 inprimis
747 4988 851 5045 seiellit
868 4990 983 5047 Rhene·
1038 4993 1257 5050 tnaoonsultum
1269 4996 1496 5070 Tertullianum,
1512 5005 1590 5075 quod
1602 5007 1723 5078 proinde
1742 5023 1775 5064 eo
1794 5023 1864 5065 oon·

157 5105 231 5146 num
248 5090 388 5158 corrupta
402 5082 488 5139 lectio
504 5081 582 5154 apud
609 5079 778 5152 Regioncm,
806 5094 870 5150 que
896 5080 984 5136 casti·
1040 5083 1368 5155 statesseentiquius:
1390 5089 1577 5162 Tertylianus
1605 5111 1671 5152 vero
1700 5095 1746 5154 sc,
1777 5095 1865 5154 ,ἰωῇ

157 5177 254 5250 geum
275 5177 365 5230 etiarn
394 5172 472 5243 apud
507 5169 706 5226 liermanuum
735 5166 924 5223 contractum
957 5168 986 5224 in
1042 5169 1868 5256 moxlatius‚eubAlexandrolmperatoremultispost

158 5263 327 5332 chronicis,
343 5266 376 5317 nt
390 5277 442 5334 pro
458 5257 621 5316 Tertullino
632 5255 768 5328 Martyre,
784 5271 871 5311 unam
888 5269 987 5312 recen·
1042 5259 1129 5317 annis
1143 5259 1259 5332 claruit,
1271 5279 1337 5322 cnm
1353 5266 1419 5325 aliie
1435 5268 1494 5343 plot
1513 5288 1588 5344 sque
1606 5273 1757 5349 Papiniani
1781 5275 1868 5334 disci·

196 5458 321 5532 (ltvid.
338 5458 374 5514 ad
392 5455 501 5513 calcem
528 5453 608 5510 illius
626 5450 841 5534 dissertationis
868 5450 989 5512 Pamelii
1046 5455 1196 5515 lionulib.
1215 5459 1400 5535 Lipe..1755,
1417 5465 1641 5531 init-Just,
1670 5473 1702 5531 c,
1731 5473 1868 5531 wem.

161 5533 318 5604 Responsa
332 5527 492 5602 Tertylisui
506 5527 552 5583 lc.
569 5543 633 5654 (fisa
648 5528 766 5581 exstant
780 5537 810 5578 rn
820 5521 886 5579 libr.
904 5525 988 5594 utge·
1043 5528 1137 5585 hauer
1164 5531 1267 5604 disput.
1294 5535 1326 5592 de
1354 5537 1550 5598 iureconsulto
1577 5549 1604 5600 st
1632 5546 1664 5615 Q.
1690 5546 1764 5618 Sept.
1792 5545 1858 5600 Ttur

162 5599 578 5686 stor.Ci.Job.fllumombac
625 5597 658 5654 de
686 5595 926 5653 senatusconsulto
956 5597 987 5668 Q.
1044 5601 1233 5660 Tertulliano.
1251 5604 1491 5682 silcestriae.
1521 5614 1698 5674 Maianlth.
1724 5615 1867 5688 impiae.

164 5676 302 5748 Septiuuo
331 5674 401 5730 Flor.
429 5671 590 5745 presbytero
617 5673 644 5725 et
668 5667 857 5726 Jrereconsulto
884 5668 988 5725 Tertul-
1042 5688 1075 5742 u,
1091 5673 1204 5732 Valent.
1220 5677 1300 5747 itte,
1316 5677 1391 5736 in-tt
1639 5687 1700 5743 lon„
1790 5726 1799 5744 ,
