4068 6186
152 341 211 402 665
759 342 810 401 AD
833 339 1041 402 NATIONES.
1059 369 1097 386 -
1113 340 1184 402 tili.
1210 340 1248 402 li.
1796 339 1856 402 666

151 471 203 544 qui
226 469 331 528 tibiam
359 473 389 528 at
418 471 560 530 citharam
587 471 742 529 suavitatis
770 475 914 547 temporat
938 473 975 529 vi.
991 474 1019 540 Α
1034 488 1093 528 non
1109 471 1253 528 serviliter
1267 485 1393 539 currere,
1409 471 1461 527 sed
1475 470 1623 544 imprimis
1637 469 1750 543 integre
1766 474 1855 543 stare,

151 561 242 634 AEquc
257 577 326 616 cum
341 559 407 633 quis
423 559 588 618 valetudine
604 560 679 618 male
695 565 750 627 est,
761 575 819 618 non
834 559 910 617 leuis
926 575 979 617 nso
1034 576 1129 632 neque
1144 559 1238 617 minui
1253 576 1349 632 neque
1372 558 1507 632 intercipi
1523 576 1617 632 neque
1641 561 1788 632 corrumpi
1804 560 1855 617 de·

153 648 293 707 antidotis
309 637 556 722 autmalagmatis
569 649 777 724 ipsisgratiam
791 649 978 721 meministis,
1034 649 1111 706 here.
1128 649 1270 706 Craterum
1292 649 1366 706 abiit
1389 649 1485 706 omnis
1502 649 1627 706 lelioitas
1653 650 1727 721 ejus,
1744 649 1854 721 siquid
1963 689 1969 702 .

152 738 203 794 sed
216 736 350 806 medicis,
368 753 493 810 quorum
510 743 700 812 operuitque
715 738 870 812 prudentia
886 755 978 794 reme·
1033 739 1143 812 patitur
1158 755 1301 810 unquam.
1317 739 1389 796 Ecce
1403 743 1501 795 aulem
1521 743 1550 795 et
1571 743 1651 795 astra
1665 738 1855 808 intercidunt,

152 826 978 901 diaproveniunt.1tcminadvereisquiferroeauoiantur,
1033 832 1063 884 et
1084 826 1268 884 intercidisse
1292 843 1323 884 se
1346 829 1533 884 attestantur.
1559 827 1719 882 Confitetur
1741 831 1771 882 at
1785 826 1856 884 luna

150 931 212 974 non
224 916 357 989 gladium
368 916 467 989 ipsum
482 921 534 974 aut
544 917 621 975 598
631 917 764 975 lanceam
775 916 979 987 accusant,eed
1033 917 1101 988 (84),
1118 924 1260 989 quantum
1276 917 1354 975 dtu
1378 915 1520 984 emiserit,
1537 932 1604 972 cunr
1633 915 1770 972 resumit.
1789 919 1855 972 lam

149 1004 269 1062 hostem
293 1004 339 1063 val
361 1004 518 1063 latronem.
543 1007 578 1062 lit
592 1022 666 1078 quos
682 1047 690 1063 .
709 1047 740 1062 ..
763 1007 785 1043 ⁸⁰
799 1003 914 1079 tegulas
929 1009 980 1063 eut
1034 1009 1146 1080 majora
1169 1008 1234 1079 clus
1261 1007 1440 1064 detrimenta
1462 1004 1563 1064 solatia
1586 1004 1616 1062 in
1639 1021 1721 1078 eque
1736 1004 1854 1078 speculo

149 1093 293 1152 imbrices
301 1098 439 1168 arguunt,
449 1095 499 1153 aad
512 1099 689 1154 vetustatem
702 1113 709 1158 ;
721 1095 797 1152 siout
806 1099 835 1152 et
845 1093 980 1169 naufragi
1034 1095 1230 1165 considerare,
1243 1102 1278 1152 ut
1287 1095 1359 1152 nihil
1371 1094 1499 1167 amplius
1512 1094 1637 1152 ullam...
1648 1094 1766 1152 credam
1777 1093 1854 1166 quod

150 1200 213 1241 non
230 1185 323 1256 patris
351 1188 380 1241 et
409 1183 548 1241 lluctihus
573 1185 731 1258 imputant,
760 1185 811 1242 sed
836 1183 978 1257 procella.
1034 1187 1113 1260 mugi
1129 1191 1246 1243 norunt.
1263 1187 1327 1258 ipsa
1348 1184 1437 1242 etiam
1457 1183 1591 1259 eolesape
1616 1182 1855 1242 delectionetan·

148 1272 269 1330 Marito.
285 1275 401 1330 &rium
416 1272 495 1331 enim
508 1276 562 1343 eol,
575 1274 836 1348 quodcunquaest,
853 1272 878 1329 ei
893 1273 980 1330 ascri·
1033 1278 1114 1331 tatus
1138 1279 1192 1330 est.
1222 1274 1336 1345 Fingite
1363 1272 1510 1345 quaelibet
1536 1272 1663 1331 rationes
1692 1271 1855 1332 coelastium

147 1362 296 1432 handum,
323 1379 382 1419 non
410 1377 463 1435 par
490 1364 569 1436 quod
598 1363 709 1433 fitted
740 1379 837 1436 aquo
852 1363 896 1430 lit,
912 1362 981 1434 quie
1035 1362 1423 1434 casuum,uonvolotdeus
1444 1369 1496 1419 aut
1517 1363 1613 1418 minor
1636 1361 1857 1433 lieri,autassc

148 1450 175 1506 is
191 1453 240 1508 set
254 1461 344 1522 caput
368 1450 448 1520 iacti,
464 1451 514 1524 qui
538 1456 567 1508 et
591 1455 621 1508 ut
635 1452 698 1517 liat,
723 1457 752 1509 ct
766 1469 817 1524 per
831 1451 901 1524 quid
917 1451 980 1522 irat,
1035 1452 1180 1528 desinere.
1195 1451 1326 1509 Viderint
1343 1451 1433 1524 igilur
1447 1451 1583 1508 humane
1600 1450 1740 1508 doctrine
1757 1456 1857 1525 putro-

147 1539 296 1598 inatituit.
312 1540 347 1596 lit
361 1540 475 1598 suntin
490 1540 630 1599 omnibus
646 1543 733 1599 rebus
744 1545 804 1599 tres
818 1541 896 1598 tituli
911 1539 979 1598 isti:
1035 1541 1122 1614 cinis,
1143 1557 1204 1614 que
1226 1541 1401 1613 conjectanti
1426 1540 1547 1598 artilicio
1574 1539 1749 1614 sapientiam
1776 1556 1857 1596 men-

149 1629 233 1702 quod
248 1632 304 1698 est,
321 1645 372 1702 per
394 1630 473 1702 quod
498 1633 554 1698 est,
571 1635 601 1686 ct
619 1645 708 1702 aquo
734 1635 798 1698 est;
814 1628 883 1701 quia
898 1629 980 1703 prius
1034 1630 1148 1688 tiuntur
1162 1630 1366 1687 alacritatem.
1382 1633 1456 1686 Nam
1479 1629 1551 1687 aliae
1567 1633 1673 1686 natura
1696 1629 1739 1686 sio
1755 1633 1810 1700 est,
1825 1630 1859 1686 ut

149 1721 208 1786 eet,
225 1717 364 1792 quiquid
388 1718 458 1775 velit
470 1717 544 1789 llari,
571 1722 600 1776 et
620 1718 699 1790 quod
721 1717 824 1792 possit,
845 1717 979 1775 inveniri.
1035 1718 1086 1790 qui
1101 1717 1208 1776 melius
1223 1716 1338 1787 dixerit,
1352 1717 1400 1774 hic
1414 1717 1511 1774 verius
1522 1715 1631 1774 dixisse
1644 1716 1788 1788 videatur,
1798 1729 1858 1772 uon

148 1809 187 1864 nt
200 1807 245 1864 ita
260 1813 339 1865 recte
359 1805 390 1864 in
414 1807 527 1865 ceteris
552 1807 649 1880 agitis,
675 1811 824 1866 auctorem
847 1807 980 1865 conside·
1035 1807 1084 1880 qui
1099 1807 1208 1878 verius,
1225 1808 1251 1864 is
1265 1805 1382 1864 melius.

148 1899 266 1954 renus.
275 1895 353 1952 Atio
365 1894 497 1970 physicis
506 1903 607 1954 contre
618 1898 755 1954 naturam
764 1896 979 1968 regulavestra,
1068 1897 1098 1954 7.
1114 1897 1256 1954 Ceterum
1281 1894 1329 1952 cui
1349 1911 1396 1952 rea
1420 1894 1645 1966 examinabitur,
1668 1892 1857 1952 verisimilius

147 2000 212 2059 qua
239 1985 272 2041 in
300 1983 412 2042 cetaria
440 1983 615 2058 sapientiam
642 1983 794 2058 judicatis,
822 1985 980 2042 auterendo
1035 1983 1137 2056 utique
1152 1982 1230 2041 dicet
1253 1983 1398 2040 elementa
1421 1983 1478 2040 ista
1496 1983 1533 2040 ab
1558 1981 1658 2058 aliquo
1679 1982 1751 2056 regi,
1767 1997 1857 2054 quam

147 2089 310 2130 summum
324 2073 629 2146 gradumauctorisat
645 2073 806 2146 quotient,
823 2091 881 2132 non
895 2089 980 2146 equo
1034 2072 1145 2131 ultro...
1163 2073 1255 2146 igitur
1269 2089 1327 2129 non
1345 2073 1426 2145 deos,
1449 2089 1512 2145 quse
1532 2073 1588 2131 suh
1611 2071 1721 2145 aliquo.
1736 2073 1772 2128 At
1787 2072 1812 2128 si
1827 2071 1858 2128 in

146 2160 215 2218 lieri
234 2201 242 2218 .
259 2201 268 2220 .
287 2203 294 2218 .
311 2160 354 2218 ila
368 2162 486 2220 endere
505 2161 649 2236 contingit
670 2161 882 2220 elementorum
898 2169 980 2236 pota·
1034 2161 1091 2220 isto
1105 2167 1230 2230 erratur,
1245 2160 1353 2220 melina
1367 2165 1412 2220 est
1424 2161 1610 2236 simpliciter,
1623 2178 1725 2234 quem,
1741 2165 1774 2220 ut
1788 2161 1858 2234 phy·

147 2254 246 2310 stelen
258 2255 288 2308 ot
301 2268 335 2308 ar
351 2293 358 2306 .
376 2291 384 2308 .
402 2267 500 2323 .uese,
512 2268 577 2324 qua
588 2250 822 2310 suntservltutae
835 2251 979 2309 stollioia.
1034 2250 1099 2320 sici,
1112 2250 1276 2322 diligenter.
1301 2251 1357 2308 Sed
1382 2250 1461 2308 anim
1487 2250 1513 2307 si
1536 2251 1572 2307 ad
1596 2250 1739 2324 mythis...
1763 2254 1808 2307 tee
1822 2251 1856 2320 ⁶²,

146 2337 215 2396 Non
229 2339 261 2395 in
277 2337 332 2395 ista
347 2338 572 2412 investigatione
587 2338 625 2396 ali
642 2381 649 2396 .
667 2380 674 2396 .
692 2357 748 2397 .us
763 2340 883 2398 artificis
897 2339 980 2397 intus
1035 2339 1141 2398 melius
1153 2339 1217 2410 jam
1230 2339 1261 2396 in
1287 2338 1408 2415 physion
1431 2339 1596 2397 mortalitas
1621 2343 1709 2410 errat,
1725 2339 1767 2397 sis
1782 2339 1858 2396 divi·

147 2431 178 2484 et
191 2425 321 2499 domini,
336 2428 484 2486 servitulis
498 2433 597 2486 autem
614 2445 671 2486 non
687 2428 838 2486 mndimus
852 2429 979 2486 clemen·
1033 2430 1158 2486 nitatem
1182 2427 1368 2496 aeorihendo,
1392 2445 1457 2501 qua
1482 2445 1571 2502 super
1593 2427 1745 2486 hominem
1773 2431 1858 2500 putet

146 2519 251 2574 torum
269 2557 277 2573 .
294 2557 302 2572 .
320 2556 351 2573 ..
377 2517 475 2590 operie
499 2534 601 2575 eorum
625 2533 700 2591 quas
722 2517 794 2576 iacis
815 2518 979 2591 potestatis.
1034 2518 1093 2575 situ
1107 2523 1137 2574 et
1164 2517 1192 2574 vi
1217 2520 1246 2574 et
1273 2517 1479 2590 magnitudine
1501 2524 1530 2575 et
1557 2517 1711 2575 divinitate
1734 2517 1855 2587 sentiri;

147 2605 274 2664 mecei
302 2622 361 2662 non
387 2606 536 2675 serviunt;
567 2606 717 2680 usigitur,
746 2624 811 2680 que
839 2607 979 2681 serviunt,
1034 2607 1113 2680 quod
1128 2606 1308 2680 enimsuper
1321 2605 1595 2674 hominem,crcdae
1608 2607 1667 2665 Deo
1677 2607 1855 2681 proximum.
1893 2625 1897 2634 ¹

147 2693 197 2752 dei
214 2710 275 2751 non
286 2696 435 2752 enut.Aut
447 2696 573 2753 doceant
584 2694 670 2770 vulgo
685 2696 758 2754 lieri.
771 2705 802 2752 ut
811 2697 847 2754 do
862 2696 981 2754 licentis
1034 2695 1176 2754 Ceterum
1194 2700 1227 2752 ut
1240 2696 1276 2752 ad
1292 2695 1452 2769 mythicum
1463 2700 1660 2763 transcamus,
1674 2697 1752 2768 quod
1764 2695 1857 2769 poetis

146 2781 332 2857 passivitatis
342 2782 463 2841 libertae
472 2785 699 2858 approbetur,da
708 2783 982 2843 libertatedomina·
1034 2784 1856 2859 deputatur,nescioanlantum...mediocritatinoetre,

146 2871 877 2947 tio,dedominationadiviuitasintelligatur.Num
889 2874 981 2932 sicm-
1036 2891 1072 2932 au
1087 2874 1164 2931 tanti
1179 2874 1215 2930 da
1230 2873 1413 2931 documentis
1429 2873 1592 2931 divinitatis
1612 2875 1713 2932 ocni...
1727 2877 1758 2930 ut
1774 2873 1857 2946 liop-

150 2961 982 3036 niahacsupernoacertiacurriculis,legilimisdecursi·
1035 2979 1087 3022 aus
1102 2963 1260 3019 Africanus
1281 2966 1310 3020 et
1332 2967 1450 3019 Boeotus
1475 2962 1671 3036 amphiaraus
1696 2962 1761 3036 l85).
1781 2961 1857 3018 Deli·

151 3051 221 3122 hua,
234 3051 362 3123 propriis
378 3051 494 3125 spatiis,
510 3051 602 3124 equis
613 3053 727 3110 vicibus
737 3053 792 3108 auh
804 3050 877 3126 legis
887 3053 982 3110 instar
1035 3053 1133 3109 banda
1147 3052 1226 3110 enim
1242 3067 1319 3109 nunc
1335 3055 1380 3108 est
1402 3052 1516 3124 speciae
1541 3053 1609 3122 ieta,
1625 3052 1710 3123 culus
1724 3067 1779 3108 suo
1793 3050 1857 3108 loco

150 3139 315 3197 constituta
329 3139 479 3198 volvendis
494 3139 677 3214 temporibus
684 3144 714 3199 et
728 3140 896 3198 exercendis
905 3144 980 3199 tam·
1035 3140 1109 3198 ratic
1122 3140 1269 3198 reddetur.
1293 3140 1413 3198 Interim
1438 3139 1494 3198 hos
1517 3144 1595 3198 certe
1618 3140 1753 3198 homines
1766 3138 1858 3196 luisse

147 3244 261 3302 porum
275 3227 432 3286 ducatibus
459 3245 611 3288 occurrere
634 3230 843 3301 meminerunt,
868 3247 903 3290 ex
917 3211 1018 3303 ipsaC
1035 3229 1081 3288 val
1094 3246 1127 3287 eo
1140 3228 1238 3304 palam
1253 3233 1309 3297 aet,
1325 3230 1402 3302 quod
1418 3229 1477 3286 non
1501 3234 1669 3288 constanter
1691 3231 1760 3288 deos
1777 3228 1856 3299 illos,

147 3316 360 3375 observatione
374 3317 577 3376 conditionum
599 3335 720 3376 suerum
744 3323 773 3376 ct
788 3319 845 3376 fide
859 3335 980 3392 operum
1035 3321 1086 3378 scd
1101 3318 1206 3376 heroas
1221 3317 1385 3392 appellatis.
1401 3318 1476 3383 Quid
1495 3335 1564 3392 ergo
1585 3318 1813 3376 contendimus?
1827 3318 1857 3374 si

146 3409 180 3464 at
207 3405 352 3463 iusteutia
373 3446 381 3462 .
399 3447 406 3464 .
423 3447 431 3462 .
448 3445 481 3464 ..
508 3447 515 3463 .
543 3447 550 3462 .
579 3411 608 3464 et
635 3423 706 3464 cura
734 3407 979 3480 demutationum,
1034 3408 1198 3465 addicenda
1210 3408 1335 3464 mortuis
1358 3407 1497 3465 divinitae
1520 3414 1592 3468 eret.
1612 3425 1671 3466 non
1694 3408 1856 3480 aliquete-

148 3495 298 3554 mamcria
313 3495 573 3569 reciprocatorum,
589 3496 718 3568 aliquem
737 3496 979 3570 dominationem,
1035 3497 1137 3554 libus?
1151 3497 1223 3554 iiccc
1235 3513 1286 3554 vos
1297 3513 1364 3554 cum
1375 3498 1476 3554 eadem
1486 3496 1606 3554 licentia
1616 3495 1856 3570 presumptionis

147 3583 210 3642 sihi
225 3599 352 3657 praesse
375 3584 572 3657 persuadeant
594 3583 687 3656 vohis,
713 3583 760 3640 cui
783 3600 923 3657 apparere
937 3585 979 3641 vi·
1033 3584 1176 3659 sepulcris
1191 3601 1291 3658 regum
1303 3589 1464 3642 vestrorum
1477 3573 1581 3642 caelum
1594 3584 1855 3657 intematis,uonna

146 3673 259 3730 deutur
271 3672 408 3729 universa
418 3673 577 3745 negotiatio
590 3671 749 3729 mundialis
760 3673 931 3746 perveniens
942 3674 978 3731 ad
1013 3741 1016 3747 Ι
1034 3674 1171 3747 probatos
1186 3691 1318 3747 quosque
1332 3674 1461 3747 justitia,
1476 3675 1594 3742 virtute,
1610 3675 1718 3748 pietate
1732 3680 1762 3731 et
1775 3672 1856 3730 omni

145 3760 277 3819 hnmani
305 3761 422 3834 generis
449 3761 608 3819 utilitatem
633 3765 690 3820 ot.
830 3778 916 3819 onem
932 3761 978 3818 ⁸¹?
1033 3763 1109 3820 hono
1137 3763 1284 3835 ejusmodi
1308 3763 1537 3820 consecrationis
1561 3762 1666 3821 solatio
1690 3762 1854 3820 honestatis

142 3851 214 3908 Nou
230 3849 309 3907 enim
324 3855 421 3924 potest
438 3850 544 3917 dicare,
570 3867 605 3908 ea
619 3850 675 3908 sibi
690 3865 776 3924 agero
799 3849 858 3908 ists
871 3867 905 3908 ao
921 3851 978 3908 sihi
1032 3851 1161 3908 contenti
1175 3867 1228 3924 pro
1249 3849 1359 3908 talibus
1379 3851 1467 3909 ctiam
1488 3851 1603 3908 irrideri
1628 3853 1802 3925 pejerantes.
1817 3853 1855 3908 At

142 3955 253 3998 curare
269 3939 495 4013 necquicquam
519 3939 675 3997 hominnm
699 3955 790 3996 causa
811 3939 977 4012 disponere,
1031 3939 1207 3997 econtrario
1221 3939 1339 4013 impios,
1352 3944 1453 4012 turpes
1463 3941 1553 3996 ctiam
1569 3939 1702 4014 pristinis
1716 3941 1852 3997 humanae

141 4045 219 4086 oum
245 4032 399 4102 propterea
426 4027 568 4087 defendas
596 4026 749 4087 clementia
778 4027 976 4102 divinitatem,
1030 4028 1129 4101 gloria
1144 4028 1272 4102 premiis
1291 4027 1423 4101 aufertis,
1446 4029 1564 4086 decreta
1581 4045 1682 4086 acrum
1707 4032 1736 4086 et
1750 4027 1854 4085 titulos

140 4117 228 4189 quod
242 4119 280 4174 ab
294 4117 362 4174 aliis
375 4119 428 4174 aut
441 4116 540 4189 juvari
555 4120 583 4172 ta
607 4120 659 4174 aut
671 4115 737 4174 lodi
761 4115 890 4188 sandes,
905 4133 975 4176 nem
1029 4116 1197 4184 lancinatis,
1213 4115 1358 4190 imagines
1373 4115 1537 4186 detrahitis,
1552 4121 1701 4174 monetam
1717 4130 1853 4189 repercu-

140 4206 174 4266 si
186 4205 246 4263 sihi
260 4210 411 4279 praetant,
427 4204 501 4263 nihil
516 4205 559 4263 aia
573 4206 673 4263 debes.
1029 4204 1092 4263 titia
1107 4205 1176 4280 (86).
1192 4204 1243 4262 illa
1257 4209 1356 4263 autom
1371 4209 1543 4278 conspector
1557 4206 1701 4275 omnium,
1718 4220 1852 4277 compro·

182 4295 211 4351 d.
228 4295 375 4369 agcjam,
390 4293 589 4353 conceditisne
612 4294 793 4354 divinitatem
812 4310 871 4356 non
886 4295 974 4353 modo
1029 4295 1123 4364 batur,
1139 4293 1199 4352 imo
1223 4294 1343 4369 largitor
1371 4294 1526 4366 bonorum,
1546 4298 1633 4354 tauta
1660 4293 1851 4371 indulgentie

854 4476 956 4542 virio
982 4476 1144 4540 lectiones.

176 4613 201 4652 δ’
214 4613 316 4686 dignu.
330 4612 422 4686 reappl.
437 4611 474 4670 lct
488 4627 563 4697 quoe
574 4613 651 4670 tecta
661 4610 844 4720 ppprimuot3
860 4627 918 4670 non
932 4611 1059 4686 togulas,
1076 4616 1130 4670 etc.
1168 4611 1189 4647 ⁴¹
1206 4609 1388 4694 Gottosredur
1400 4610 1557 4670 utilitatem
1568 4611 1852 4671 scuaccaasicoeml

138 4689 266 4745 fleam.
282 4685 317 4744 ad
330 4683 411 4761 Apol.
427 4682 481 4756 ⁴33
497 4683 551 4744 utri
566 4689 595 4744 et
608 4684 757 4744 lesionem
772 4682 784 4740 i
820 4684 831 4719 ⁶
857 4685 895 4742 so
908 4685 992 4743 Prior
1000 4685 1091 4759 sappi.
1105 4683 1142 4741 ad
1157 4683 1302 4757 mythicaa
1313 4687 1402 4741 artes.

870 4853 1132 4918 Commentarius.

180 4986 407 5060 (attemptetur
431 4991 459 5048 ct
483 4990 560 5046 luco.
589 4987 726 5046 Defectus
750 4985 823 5044 sulla
845 4991 874 5044 el
896 4986 1012 5057 luncaD
1046 4987 1062 5041 d
1095 4981 1159 5041 atta
1173 4982 1328 5059 Ἀλκμαίων
1346 4983 1490 5062 Ἐχινάδας
1506 4986 1603 5064 εὑρὼν.
1618 4983 1657 5043 t'ct
1671 4994 1721 5059 τῆς
1741 4985 1850 5060 πλάνης

137 5059 262 5117 labores
278 5059 326 5116 hio
341 5061 479 5135 attingit;
503 5060 576 5118 luna
594 5060 698 5119 nsmde
722 5059 903 5117 incramenta
918 5077 973 5118 eua
1046 5004 1169 5134 νῗσχιτο.
1187 5059 1255 5116 llloe
1279 5065 1378 5118 autem
1403 5060 1508 5118 heroes
1533 5077 1567 5119 ac
1591 5062 1660 5118 daos
1682 5060 1849 5119 tabularum

137 5131 431 5190 hahetancvilunio
454 5147 505 5190 seu
528 5132 683 5190 neomenia
706 5132 743 5188 ad
763 5129 971 5204 plenilunium,
1026 5130 1280 5188 audaciadeicudi
1303 5135 1430 5190 testatur
1452 5132 1610 5206 Gregorius
1633 5133 1758 5190 Neriene
1775 5137 1849 5201 orat,

136 5207 172 5258 at
214 5202 392 5261 detrimenta
432 5219 450 5264 a
494 5203 656 5278 plenilunio
695 5205 732 5260 ad
773 5203 970 5262 novilunium.
1024 5203 1105 5260 tuin
1121 5203 1222 5258 lucere
1237 5202 1266 5260 B.
1282 5203 1393 5260 Basilii.
1410 5204 1492 5261 loru.

138 5275 184 5330 Le
199 5271 252 5330 Pa.
703 5347 704 5350 Ἴ
1061 5275 1120 5347 pt)
1133 5275 1268 5330 Monetam
1281 5278 1466 5347 repercutitis.
1493 5275 1654 5333 Condatem
1671 5275 1791 5349 scilicet,
1807 5277 1849 5335 sl-

178 5343 238 5416 (85)
265 5343 298 5400 ct
326 5347 438 5404 Bautae
463 5345 659 5417 Amphiaraus.
688 5343 862 5403 Alcmeonis
889 5349 973 5419 pater
1025 5347 1118 5402 torius
1133 5344 1277 5430 principis
1290 5355 1356 5476 typo
1369 5347 1530 5421 percutitis.
1547 5348 1619 5404 Nam
1631 5350 1748 5422 reprohi
1762 5366 1850 5407 uum·

136 5415 201 5472 luit
216 5415 427 5498 Amphiaraus,
452 5417 536 5489 qu'us
562 5417 645 5489 iussu
670 5415 831 5491 ltriphilom
847 5423 970 5475 matrem
1024 5417 1076 5488 mi,
1092 5433 1163 5490 quia
1176 5416 1263 5490 pretii
1278 5435 1317 5476 nu

135 5489 305 5557 interemit,
320 5492 520 5564 concapthue
538 5504 573 5546 ex
588 5487 638 5546 illc
662 5489 770 5546 scolere
783 5490 908 5547 immani
923 5490 969 5547 iu·
1024 5506 1073 5546 eos
1089 5489 1296 5547 deferebantur
1319 5493 1427 5564 quibus
1451 5495 1514 5550 erat
1534 5494 1609 5564 euri,
1633 5511 1666 5552 ar
1687 5493 1759 5560 enti,
1782 5489 1848 5547 eris

135 5575 208 5618 rore
223 5561 619 5634 errabundusatqusamens
632 5577 668 5617 va
690 5563 970 5631 ahetur;oumverc
1024 5559 1114 5618 flandi
1129 5565 1158 5618 et
1183 5561 1310 5620 feriundi
1334 5579 1404 5620 cura
1431 5571 1460 5620 et
1484 5569 1621 5635 potestas.
1676 5565 1736 5621 ales
1757 5563 1848 5618 luisse

135 5632 180 5690 ad
203 5647 295 5714 unam
319 5647 353 5690 ax
377 5631 583 5714 lichinudibus⁸
598 5576 706 5690 insufla
728 5634 918 5706 pervenisset,
934 5649 969 5691 ex
1023 5631 1201 5690 Claudianus
1217 5632 1267 5690 Dio
1282 5634 1447 5704 traditlih.
1463 5635 1847 5715 uzsrcaeconaorerasor

134 5703 256 5760 oraculi
270 5719 302 5760 ra
341 5704 444 5762 nsione
456 5699 770 5763 lurorelrheratuseet.
781 5705 864 5762 Unde
875 5705 905 5762 S.
916 5705 970 5762 Ba·
1021 5705 1175 5764 deaclinae
1184 5707 1267 5778 jussa
1279 5705 1408 5764 liencurt
1428 5711 1535 5764 amuco
1556 5705 1731 5774 indignatas.
1749 5707 1776 5761 Is
1791 5703 1848 5759 iuri

137 5771 231 5832 silius
245 5720 424 5835 scrifflnsad
435 5779 468 5833 Β.
484 5773 657 5850 Gregorium
684 5776 820 5837 Nestane.
833 5792 841 5835 ι
855 5775 966 5840 Πάντως
1022 5775 1139 5850 histrio,
1154 5792 1240 5850 quem
1255 5775 1306 5835 illa
1329 5775 1490 5852 deperibat.
1516 5775 1599 5834 Tales
1620 5791 1739 5848 quoque
1755 5774 1847 5834 tuisse

1331 5419 1399 5486 lius,
1414 5425 1444 5477 et
1464 5421 1649 5478 commerciis
1664 5421 1794 5490 inutiles,
1811 5421 1848 5477 ad
