4046 6172
107 307 153 370 itt
620 303 918 376 Amnuuuutuus
938 306 1030 370 cliv.
1052 305 1218 370 GSN'I'ES.
1714 305 1777 378 ⁴³8

105 433 227 494 vusitstis.
241 431 326 492 llunc
339 433 418 491 enim
432 434 508 494 Zeno
520 434 576 508 (89)
590 433 768 494 determinat
781 435 893 494 lectite-
906 445 935 514 Α
949 436 1080 496 veritatis
1095 437 1262 496 istiusmodi
1284 436 1625 512 preminietreverunt⁸⁸.
1635 435 1779 496 Sciebant

104 533 181 593 torem,
192 523 234 597 qui
248 527 358 582 cuncte
372 523 403 580 in
419 524 611 598 dispositione
626 524 805 598 sormaverit,
817 541 899 583 eum·
953 533 982 584 et
1003 527 1098 584 Judaei
1121 532 1278 586 venturum
1300 543 1366 585 esee
1387 528 1466 586 sou
1489 526 1652 597 Christum,
1667 525 1779 590 scilicet

102 617 151 672 den
170 618 194 670 et
214 613 306 670 iatum
322 614 399 671 8⁰⁰
416 613 524 686 vocari,
541 618 570 672 et
594 615 686 672 ileum
712 621 742 672 et
765 615 899 672 ssimum
955 616 1063 689 quibus
1078 617 1226 691 prophete
1238 616 1443 693 loquebantur.
1456 617 1530 674 Nam
1541 620 1570 674 et
1582 618 1780 675 nuncadren·

102 701 162 760 lovis
183 702 241 774 (9⁰),
265 706 295 760 st
318 701 525 760 necessitatem
549 704 683 760 omnium
707 720 816 760 rerum.
833 703 900 760 Heec
954 711 1019 762 turn
1035 707 1099 778 ejus
1119 710 1299 779 exspectant,
1315 722 1368 762 nec
1392 705 1451 762 elie
1474 706 1568 778 magis
1591 706 1667 762 inter
1681 722 1735 763 nos
1751 709 1780 764 et

100 791 226 850 timothee
245 790 275 848 in
299 791 439 865 spiritum
464 792 606 866 congerit,
624 809 711 866 quem
735 797 901 866 permeato·
955 794 1021 852 illos
1035 795 1231 868 compulsatio
1246 799 1301 866 est,
1317 811 1406 867 quam
1422 796 1501 867 quod
1512 797 1576 866 jem
1591 794 1705 851 venisse
1721 811 1779 852 non

99 896 145 938 ren
158 879 348 938 universitatis
368 879 508 938 eldrmat.
524 881 560 938 nt
581 898 635 940 uos
661 881 751 939 etism
766 875 902 940 Sermoni
955 883 1219 942 creduntlluobua
1230 881 1308 939 enim
1324 882 1499 940 adventibus
1510 883 1574 956 ejus
1584 881 1778 955 significetis:

99 973 165 1041 utque
176 968 288 1026 lintioni
300 969 434 1042 itemque
446 967 567 1040 Virtuti,
578 987 631 1045 per
646 988 709 1044 quo
726 971 827 1028 omnis
842 987 900 1027 mo·
956 971 1062 1045 primo,
1073 972 1122 1044 qui
1133 973 1197 1044 jam
1212 976 1377 1045 expunctus
1391 976 1436 1028 est
1448 972 1480 1028 in
1495 969 1662 1028 humilitate
1676 969 1780 1027 condi·

97 1059 163 1114 litum
176 1058 264 1116 ileum
279 1057 440 1130 ediximus,
456 1059 605 1132 proprioru
620 1060 820 1118 substantiam
838 1060 902 1132 spi·
956 1062 1045 1119 tionis
1063 1061 1216 1131 humanm
1232 1061 1371 1132 secundo,
1383 1059 1434 1133 qui
1455 1059 1657 1118 concludendo
1671 1058 1779 1118 saeculc

95 1146 195 1203 ritum*
217 1145 421 1216 inscribimus,
438 1147 484 1204 eui
499 1152 528 1204 ct
542 1149 645 1206 Sermo
671 1148 744 1206 insit
768 1165 901 1222 pronun·
955 1149 1090 1208 imminet
1100 1152 1130 1207 in
1141 1150 1321 1208 sublimitate
1333 1149 1495 1206 divinitatis
1504 1146 1779 1222 exsertecprimnm

95 1237 211 1304 tiauti,et
230 1237 315 1296 Retio
341 1239 421 1296 adsit
446 1238 628 1312 disponenti,
642 1244 672 1298 et
685 1239 780 1298 virtus
802 1237 903 1314 presit
958 1256 1016 1295 non
1043 1239 1247 1314 intelligendo,
1273 1239 1448 1311 secundum,
1477 1255 1566 1312 quom
1595 1237 1782 1296 munilestiue

93 1325 243 1398 perficienti.
266 1327 351 1384 llunc
373 1344 410 1385 ex
433 1328 493 1385 Deo
516 1328 666 1402 prolatum
689 1328 859 1400 didicimus,
874 1330 903 1385 et
957 1328 1147 1404 predicatum
1159 1331 1181 1366 ³⁷
1203 1333 1333 1402 sperent,
1359 1345 1451 1384 unum
1476 1326 1725 1384 existimaverunt.
1740 1327 1782 1384 Ne

94 1413 231 1485 prolatione
258 1419 443 1490 generatum,
467 1423 497 1474 et
524 1417 634 1475 idcirco
666 1417 774 1476 Filium
800 1418 852 1476 Dei
874 1421 904 1475 et
957 1418 1036 1475 enim
1064 1417 1261 1492 intelligerent
1289 1417 1459 1490 pristinum,
1476 1416 1616 1474 credituri
1642 1417 1669 1473 si
1691 1416 1781 1474 intel·

92 1506 165 1560 Deum
179 1503 289 1560 dictum
304 1521 339 1561 ex
354 1505 466 1562 unitate
490 1506 674 1565 substantie.
690 1508 765 1565 Nem
782 1513 811 1566 et
825 1513 905 1564 Deus
957 1507 1107 1580 lexissent,
1122 1511 1152 1564 st
1170 1505 1356 1564 consecuturi
1379 1505 1506 1562 salutem
1527 1505 1554 1562 si
1576 1504 1782 1573 credidissent,

91 1592 339 1666 spiritusdtcum
363 1593 591 1653 radiusexsoto
619 1597 791 1670 porrigitur,
807 1595 904 1671 portio
959 1596 1099 1654 meritum
1127 1595 1183 1652 luit
1202 1595 1343 1652 delictum
1373 1594 1518 1670 eorum&
1535 1595 1595 1667 lpei
1618 1593 1722 1667 legunt
1741 1592 1784 1652 lte

92 1697 118 1738 ex
129 1698 253 1752 summa;
270 1683 321 1740 sed
342 1682 386 1739 sol
410 1682 466 1740 erit
480 1685 510 1740 in
526 1684 611 1742 rodio
624 1686 657 1753 ¹⁷,
673 1685 742 1756 quin
765 1684 837 1744 solis
860 1679 905 1742 esi
958 1684 1102 1759 scriptum
1118 1684 1277 1742 mulctatos
1292 1699 1324 1742 se
1342 1682 1487 1755 sapientia
1501 1687 1530 1740 et
1545 1682 1741 1756 intelligentis
1754 1687 1784 1740 et

90 1771 183 1840 radius,
199 1789 252 1830 nec
276 1775 435 1844 separetur
453 1772 631 1844 substentie,
649 1775 700 1832 sed
725 1775 903 1832 extenditur·
918 1822 943 1888 B
959 1772 1112 1831 oculorum
1135 1778 1165 1831 et
1188 1773 1304 1830 aurium
1329 1771 1422 1846 fruge.
1442 1774 1534 1837 Quem
1557 1772 1649 1845 igitur
1671 1770 1783 1830 solum-

94 1861 127 1916 lta
138 1861 168 1918 ds
181 1862 292 1936 Spiritu
306 1863 443 1936 Spiritus,
456 1869 486 1920 et
500 1864 536 1921 de
550 1864 609 1922 Deo
620 1864 698 1923 Deus
708 1866 741 1936 ¹⁸,
753 1871 787 1924 ut
802 1865 903 1923 lumen
959 1863 1045 1920 modo
1066 1862 1216 1920 bominem
1227 1861 1250 1898 ⁸⁹
1274 1865 1522 1936 presumpserant
1544 1861 1580 1918 de
1607 1860 1783 1929 humilitate,

91 1949 240 2009 delumine
267 1957 436 2010 recensum.
452 1953 552 2010 Manet
577 1954 692 2029 integre
708 1960 738 2013 et
757 1955 903 2014 indefecte
958 1953 1135 2024 sequebatur
1156 1951 1200 2008 uti
1223 1965 1343 2024 magum
1367 1948 1547 2006 estimarent
1570 1948 1606 2006 de
1628 1952 1784 2023 potestate,

91 2037 199 2095 nrtmis
217 2039 337 2106 matrix,
353 2040 409 2096 etsi
432 2039 534 2112 plures
547 2041 571 2076 ⁸⁰
585 2041 656 2098 inde
680 2042 817 2100 traduces
833 2057 905 2114 que·
958 2057 1025 2098 cum
1040 2039 1090 2097 ille
1104 2039 1193 2097 serbe
1211 2038 1355 2096 demonis
1378 2039 1415 2094 de
1439 2036 1611 2095 hominibus
1625 2041 1785 2109 excuteret,

90 2124 188 2184 litatum
213 2127 646 2204 mutueris”.1uet³¹qu0d
676 2131 711 2188 de
733 2131 905 2205 Deoprole·
959 2146 1049 2187 cuseos
1072 2128 1260 2186 reluminaret
1271 2129 1304 2198 ⁸⁰,
1324 2127 1457 2201 leprosos
1480 2131 1629 2201 purgaret,
1646 2125 1785 2200 paralyti-

92 2218 221 2288 ctumest,
235 2221 316 2274 Deus
337 2218 439 2287 est,et
463 2216 515 2276 bei
541 2217 643 2288 Filius,
659 2223 688 2276 et
704 2235 780 2276 unua
804 2220 903 2276 embo·
958 2235 1008 2276 cos
1031 2217 1236 2293 restringeret,
1262 2220 1395 2274 mortuos
1420 2217 1546 2288 denique
1570 2215 1657 2273 verbo
1681 2214 1786 2272 redde·

90 2305 125 2360 ltu
135 2309 160 2360 et
173 2304 208 2362 de
220 2303 336 2380 Spiritu
359 2305 500 2378 Spiritus,
514 2310 544 2364 et
558 2309 594 2364 de
609 2312 667 2366 Deo
683 2313 759 2366 Deus
786 2308 906 2368 modulo
959 2315 1004 2366 ret
1029 2307 1104 2377 vite,
1130 2307 1276 2365 elemento
1301 2307 1366 2379 ipsa
1390 2304 1547 2363 famularet
1568 2305 1635 2378 (92),
1668 2319 1787 2376 compo·

91 2391 289 2462 aliorumnas
313 2385 516 2469 numerous),
532 2397 627 2470 gradu
651 2413 709 2456 uon
736 2397 849 2454 stetu⁸¹
863 2399 906 2456 te·
959 2413 1045 2455 scens
1068 2395 1256 2471 precelleret
1276 2395 1350 2452 treta
1378 2393 1558 2467 ingrediens,
1574 2393 1731 2450 ostendens
1754 2409 1787 2450 se

90 2480 168 2549 citet
189 2500 206 2540 a
229 2483 356 2541 metrice
379 2501 439 2541 non
463 2485 598 2557 recessit,
619 2487 671 2556 sed
697 2487 831 2544 excessit.
849 2487 906 2544 lete
959 2504 1024 2545 esse
1051 2489 1161 2541 ΛΟΓΟΝ
1188 2485 1251 2555 Dei,
1272 2483 1301 2540 id
1329 2487 1375 2542 est
1401 2482 1530 2540 Verbum
1558 2480 1632 2538 illud
1659 2480 1785 2554 primor-

90 2567 165 2642 igitur
178 2571 226 2630 liei
241 2572 358 2645 radius,
374 2577 408 2630 ut
420 2577 498 2630 retro
513 2589 631 2647 semper
645 2576 858 2648 predicabatur
870 2577 905 2647 ²⁸,
960 2574 1037 2632 diele
1047 2576 1070 2612 ‘¹
1095 2573 1335 2649 primogenitum,
1350 2571 1457 2628 virtute
1482 2574 1512 2627 et
1535 2571 1649 2628 reticne
1662 2569 1785 2627 comite-

91 2657 211 2733 delapens
233 2663 269 2718 in
290 2661 433 2735 virginem
450 2663 622 2735 quemdem,
637 2667 666 2721 st
689 2664 720 2720 in
741 2666 905 2738 uterosjus
961 2671 1043 2735 tum,
1072 2669 1101 2722 et
1134 2662 1242 2737 spiritu
1273 2660 1378 2718 lullum
1396 2661 1430 2732 ⁸¹,
1459 2659 1596 2716 eumdem
1622 2661 1674 2732 qui
1698 2659 1786 2717 verbu

91 2763 146 2804 earo
160 2749 304 2824 figuratus
314 2751 350 2821 ⁸⁴,
367 2751 500 2808 nescitur
513 2755 608 2809 Homo
631 2757 688 2810 Deo
705 2754 822 2812 mistus.
833 2755 905 2812 (lero
962 2753 1073 2822 omnis,
1097 2757 1126 2810 et
1154 2752 1271 2817 taceret,
1300 2753 1329 2808 et
1343 2749 1365 2784 ⁸³
1393 2749 1520 2805 lecisset.
1549 2748 1594 2804 Ad
1622 2747 1787 2805 doctrinam

92 2835 183 2908 spiritu
210 2838 362 2896 instructa
380 2839 404 2875 ³⁸
431 2841 573 2912 nutritur,
602 2839 759 2915 adolescit,
788 2843 907 2911 ellatur,
963 2859 1028 2901 sero
1061 2843 1141 2914 ejus.
1173 2857 1232 2914 qun
1251 2841 1275 2876 ⁸⁸
1302 2837 1526 2895 revincebantur
1558 2837 1694 2910 magistri
1725 2837 1787 2910 pri·

93 2923 173 2999 docet,
187 2932 340 3001 operatur,
355 2933 385 2987 et
407 2928 542 2987 Christus
561 2935 616 2988 est.
632 2931 763 3004 Recipite
787 2932 905 2991 interim
962 2948 1117 3004 moresque
1140 2931 1322 2998 iudeorum,
1345 2928 1387 2985 ite
1409 2926 1668 3000 exasperabantur,
1694 2925 1787 2983 mexi-

92 3011 311 3089 hsnclsbulem,
327 3016 434 3076 similis
449 3019 706 3092 estvestris,dum
722 3022 907 3082 ostendimus
962 3037 1010 3078 me
1038 3018 1117 3094 quod
1148 3019 1184 3076 ed
1219 3031 1286 3074 eum
1319 3017 1423 3089 ingens
1457 3013 1618 3073 multitudo
1649 3015 1787 3072 detlscte·

91 3106 221 3174 quomodo
237 3105 376 3164 Christus
390 3108 539 3180 probetur.
555 3108 693 3166 Sciebant
706 3113 735 3167 et
749 3111 800 3184 qui
816 3129 906 3185 penes
962 3115 1007 3168 ret
1020 3110 1053 3179 ⁴⁸,
1077 3112 1111 3166 ut
1139 3112 1288 3182 postremo
1317 3105 1448 3163 ebletum
1476 3104 1579 3162 Pontio
1605 3101 1710 3175 Pilato,
1734 3103 1788 3177 Sy·

91 3206 132 3248 soe
151 3195 298 3266 ejusmodi
325 3195 438 3254 tnbulss
466 3195 587 3254 emulos
610 3198 647 3255 ad
674 3198 904 3260 destructionem
919 3185 942 3255 G
959 3201 1034 3258 mam
1056 3204 1130 3257 tune
1155 3213 1190 3254 ex
1218 3194 1335 3270 porte⁶⁶
1360 3195 1492 3254 ltomens
1505 3193 1527 3230 *ἵ
1542 3193 1600 3268 (93)
1624 3208 1786 3267 procuran-

789 3337 892 3401 Vsriae
915 3336 1078 3401 lectiones.

118 3432 275 3508 ”Spiritus
291 3437 381 3495 Puris.
419 3437 442 3475 ⁸⁷
457 3437 598 3496 mittes.
637 3439 660 3476 ²⁸
675 3440 719 3497 Its
734 3441 770 3499 de
790 3443 975 3516 ep.-Deus
1003 3443 1099 3500 derum
1126 3442 1157 3498 io
1184 3438 1243 3498 cell.
1270 3437 1349 3496 satu.
1375 3443 1402 3494 ct
1424 3435 1470 3494 ed.
1496 3433 1583 3494 rte.
1622 3433 1646 3470 ⁸⁰
1661 3433 1692 3490 ln
1719 3437 1787 3490 Por.

89 3501 107 3536 ⁸⁸
119 3503 192 3567 Cotti.
206 3507 293 3566 said.
316 3516 343 3567 et
363 3511 469 3568 Pcmel.
486 3510 656 3584 quelitutis;
671 3513 757 3586 Lupd.
774 3515 810 3571 ll.
826 3515 957 3572 traducis
971 3513 1137 3588 quelitates.
1175 3512 1197 3549 ⁸¹
1215 3511 1249 3566 llt
1262 3513 1338 3567 coest
1352 3511 1454 3566 Poris.
1492 3508 1516 3544 ³⁸
1529 3507 1593 3564 Non
1618 3505 1712 3589 gradu
1736 3505 1787 3588 ssd

89 3577 155 3632 stetu
177 3581 269 3638 Paris.
286 3581 401 3639 Modulo
425 3581 582 3651 alternum,
599 3599 756 3644 numerum
781 3588 885 3660 gradu,
902 3603 960 3644 non
985 3591 1065 3645 stetu
1087 3586 1170 3640 Fron.
1208 3583 1231 3618 ³⁸
1246 3581 1464 3638 Praedicebetur
1488 3579 1546 3637 cod.
1568 3581 1622 3636 vet.
1638 3578 1784 3634 Scrsucrss'.

88 3643 264 3722 “tigumtns
290 3652 355 3710 lca.
372 3655 497 3722 Haverc.;
524 3656 684 3728 quamdam
712 3662 741 3714 ot
768 3659 797 3715 in
827 3663 910 3716 utero
938 3659 1004 3730 eius
1032 3673 1099 3714 cero
1127 3657 1272 3728 figuretur
1299 3652 1356 3709 cod.
1386 3651 1485 3717 Reid,-
1515 3652 1641 3724 figurata
1666 3650 1785 3731 Semter.

89 3717 224 3806 ¹'Strpete
241 3739 298 3780 ms.
323 3725 405 3808 libid
445 3725 468 3762 ³⁸
480 3728 530 3784 Sic
554 3727 645 3784 ocum
660 3731 842 3811 restituerunt
865 3731 993 3801 Scriver„
1017 3731 1079 3800 Rip.
1104 3729 1130 3784 et
1151 3728 1376 3791 Hune-esuntw
1398 3724 1451 3794 ²⁶0·
1468 3725 1608 3792 Df⁰b⁰l¹¹f
1632 3725 1661 3779 θῑ
1684 3736 1736 3805 qur
1750 3750 1786 3764 ··

89 3799 393 3924 irruiturus.
407 3797 920 3932 §.cultilius-..ttu-
939 3803 976 3910 t
990 3797 1338 3930 cucurum
1356 3793 1788 3925 tttr²ct..⁶u...sctu

90 3948 142 4018 ease
154 3937 246 3996 illium
263 3944 295 3996 et
308 3939 394 3998 illum
408 3941 479 3998 olim
495 3960 513 4000 s
529 3944 584 4000 Deo
607 3943 805 4016 predicatum.
822 3949 850 4002 et
873 3945 909 4001 od
934 3946 1067 4003 omnium
1092 3943 1217 4000 sulutem
1244 3944 1347 3999 natum
1361 3939 1492 3996 Verbum
1509 3937 1557 3994 Dei
1576 3936 1661 4005 illud.
1677 3941 1745 4003 etc„
1761 3939 1788 3994 u

89 4009 182 4066 muris
203 4011 298 4068 uerbis
319 4028 330 4067 .·
354 4015 491 4070 eumdem
515 4015 565 4086 qui
582 4046 616 4057 -
631 4016 757 4073 lecisset.
795 4013 929 4084 fllium,
954 4019 1029 4084 lien,
1054 4015 1158 4088 Gcnpn.
1178 4031 1184 4070 :
1201 4016 1390 4080 instructum,
1414 4009 1474 4067 cod.
1502 4008 1588 4081 Lupd.
1618 4008 1786 4065 suffultum.

89 4078 107 4111 ‘³
120 4079 195 4161 istum
208 4081 293 4168 ῥῆσιν
308 4086 444 4142 eumdem
459 4113 497 4130 -·
510 4085 626 4144 iecisset
639 4086 710 4144 delet
723 4089 759 4146 lii
775 4087 859 4146 attius
875 4107 884 4144 :
898 4089 1114 4160 Hccercompice
1136 4090 1229 4143 actem
1250 4092 1345 4142 tuetur
1367 4085 1407 4140 ric
1430 4083 1632 4154 reformatam:
1649 4079 1787 4137 eumdem

86 4162 130 4276 2111
141 4167 237 4212 omnm
251 4157 284 4212 et
298 4154 407 4214 luceret
420 4159 449 4214 ct
459 4156 588 4215 lecisset.
626 4158 648 4193 ⁸⁶
663 4159 738 4224 Quia
751 4104 817 4216 βων.
856 4157 1233 4220 “contineretccdi'utd
1270 4153 1391 4213 “Plebs
1407 4170 1463 4212 ms.
1478 4151 1564 4225 lupd.
1583 4155 1645 4210 But.
1682 4151 1704 4188 *Ἰ
1720 4148 1787 4207 dod.

104 4223 161 4294 eqd.
176 4241 211 4283 ex
225 4225 315 4300 plebe
330 4227 473 4300 Romana,
488 4229 566 4287 l'ctd.
583 4246 618 4286 ex
632 4234 716 4304 perte
732 4230 907 4290 Romanam.
1010 4249 1014 4258 “

799 4345 1061 4420 Commenteu'us.

114 4442 165 4518 (89)
193 4447 275 4506 Hunc
308 4449 383 4505 caim
410 4449 482 4506 Zeno
514 4449 682 4509 determinat
713 4455 906 4526 sasimorum.
922 4457 946 4524 Ι)
962 4453 1039 4526 quod
1054 4467 1148 4509 unum
1174 4452 1249 4508 Deus
1264 4452 1318 4508 est.
1336 4449 1399 4506 Rru.
1416 4445 1567 4521 —ldootclo
1592 4444 1721 4528 uturum.
1738 4440 1789 4526 Sic

86 4512 217 4596 Zenonem
233 4520 350 4592 aliquid
373 4525 513 4594 preterea
533 4522 654 4593 dixisse,
669 4540 704 4581 ex
717 4525 829 4584 Laertio
845 4527 908 4584 dis.
963 4525 1094 4582 mmm
1107 4526 1257 4592 praxeam'
1273 4537 1340 4596 pag·
1351 4521 1404 4578 540
1415 4535 1440 4576 κ(
1452 4519 1515 4576 Non
1527 4518 1790 4603 “wdwfflm-

86 4599 179 4646 crmus.
197 4591 327 4666 Nempe,
344 4593 403 4676 dno
417 4609 483 4651 esse
498 4595 632 4653 omnium
653 4596 807 4672 principia,
823 4602 908 4656 Gree-
963 4602 991 4654 ts
1014 4597 1105 4653 alium
1129 4596 1237 4652 Filium
1260 4612 1278 4651 s
1300 4598 1397 4676 Patre,
1414 4592 1465 4676 ssd
1487 4590 1696 4674 distributione
1704 4605 1717 4670 ;Ι
1736 4602 1789 4644 nec

87 4663 167 4716 “trem
192 4667 224 4720 et
248 4669 416 4732 materiam,
431 4663 463 4719 τὸ
486 4669 582 4722 ποιοῦν
607 4667 652 4722 καὶ
679 4667 711 4724 τὸ
738 4670 858 4747 πάσχον.
874 4672 909 4726 ut
963 4669 1105 4726 divisione
1119 4666 1283 4734 alium,ssd
1298 4665 1486 4722 distinctione
1509 4659 1789 4734 qursnonsrtrdem

88 4733 231 4818 mairiam
249 4736 372 4809 quidem
396 4753 461 4794 0⁸³0
479 4738 633 4810 quelitstie
657 4741 907 4811 expertemsubs-
962 4740 1047 4798 Peter
1075 4745 1104 4796 st
1131 4738 1237 4821 Filius,¹
1254 4737 1298 4820 vel
1328 4736 1449 4795 modulo
1475 4708 1550 4819 plius
1579 4734 1616 4791 ub
1645 4731 1736 4788 ulio·
1754 4729 1790 4786 llt

86 4803 212 4862 humm'
234 4807 403 4866 C‘mmm
427 4824 503 4876 ’Μ’
529 4809 584 4866 Τὸ*
609 4809 635 4866 ‘l
661 4810 731 4886 coefi
754 4811 834 4890 λόγον
862 4813 908 4868 τὸν
962 4828 1029 4886 pag.
1053 4813 1107 4868 645
1124 4828 1132 4868 ι
1147 4833 1161 4862 e
1177 4809 1330 4866 visibilem
1359 4824 1428 4864 vero
1452 4805 1559 4864 illrum
1583 4817 1789 4876 agnoscemus,

87 4867 153 4926 esta·
167 4879 268 4934 τοῦτον
288 4877 340 4954 γὰρ
356 4875 421 4934 ὄντα
443 4875 531 4936 ἀΐδιον
555 4879 601 4936 καὶ
626 4878 715 4952 πάσης
740 4883 842 4954 ταύτης
857 4881 907 4956 δη.
963 4901 1015 4958 pm
1030 4883 1150 4942 modulo
1175 4878 1403 4940 derivationim
1420 4881 1523 4950 ltaque
1542 4879 1648 4934 modus
1672 4878 1705 4958 et.
1725 4888 1789 4930 mo·

88 4961 145 5014 μῑου
163 4952 220 5024 pris
237 4945 351 5007 ἓιαστα.
367 4951 432 5008 Rue.
963 4956 1050 5014 dulus
1079 4960 1125 5013 est
1151 4958 1299 5012 certarum
1332 4967 1429 5008 rerum
1464 4951 1627 5008 secundum
1661 4962 1708 5006 eut
1740 4959 1791 5031 ge-

85 5021 321 5149 lmifflldim
336 5031 362 5080 ⁶³
378 5023 470 5094 {mum
490 5025 584 5082 vocari
597 5031 626 5109 et
638 5027 726 5082 Deum
740 5030 768 5082 et
782 5028 909 5112 ocimum
962 5027 1042 5084 neris
1075 5027 1203 5085 rationes
1235 5022 1406 5097 dispositio,
1435 5023 1590 5095 ordinatio,
1620 5033 1790 5077 economus.

85 5157 133 5244 tem
150 5110 283 5248 'zenoffi
299 5097 480 5224 {mairana}
495 5098 908 5237 sinzosspffiptmgvlsseftpgsozpv
962 5101 1055 5243 mgb)
1072 5169 1239 5227 demutaret.
1255 5167 1327 5225 Cum
1351 5181 1439 5222 usum
1455 5165 1536 5252 vqrbi
1561 5181 1620 5250 non
1645 5157 1792 5234 intellige·

83 5245 120 5282 m
136 5237 218 5304 Ηῃυνι
234 5234 428 5313 Elpapptsqe,
442 5237 488 5293 καὶ
504 5237 562 5296 ute.
579 5241 642 5297 an.
963 5248 1038 5308 rent.
1054 5241 1271 5300 substituerunt
1283 5240 1314 5296 in
1334 5239 1403 5296 (lod.
1420 5239 1526 5296 Aldrco
1545 5253 1573 5294 er
1587 5234 1733 5310 Agobsrd.
1747 5233 1794 5318 [c-

81 5301 164 5430 hiffl
180 5305 293 5434 'W’
316 5311 451 5439 “plemm'
471 5327 526 5369 που
548 5326 676 5440 πανῧενο.
692 5311 776 5440 Allius
798 5329 814 5368 a
837 5313 909 5372 lilio
964 5316 1112 5372 mutarent.
1121 5312 1220 5402 yoluit
1230 5313 1335 5399 lloster
1344 5311 1651 5439 “fiimmtq‘taewfi
1661 5302 1791 5435 dociteplv13

83 5392 309 5498 ‘¹
333 5387 586 5528 statmo
601 5388 811 5514 sulcu
824 5385 910 5516 ilc
963 5387 1509 5530 tillutttit'ttllttlm·⁰
1537 5399 1580 5438 ¹²
1702 5394 1740 5436 ⁰¹

84 5519 189 5576 tl'etre
215 5526 248 5579 st
295 5524 344 5584 ilio
368 5526 509 5602 Spiritus,
533 5543 590 5600 qus
613 5527 751 5600 Spiritus,
768 5543 826 5586 non
850 5547 910 5605 qua
1000 5529 1407 5616 (93lEcpartcllomunums
1429 5523 1789 5598 LB.expiehelicmanu.

82 5601 140 5646 cum
155 5591 217 5650 Deo
242 5597 330 5654 Putre
352 5603 382 5654 st
405 5598 477 5657 silio
506 5599 582 5656 Deus
608 5602 663 5656 est.
679 5603 751 5656 Nom
777 5617 846 5658 cum
871 5603 911 5659 sit
964 5602 1053 5666 Quesr
1067 5601 1172 5659 innuat
1193 5601 1339 5676 plebeiam
1363 5598 1533 5655 Pontiorum
1555 5597 1648 5654 luisse
1665 5591 1791 5666 geniem·

83 5672 152 5718 ⁰⁰⁰⁸
167 5680 186 5721 a
201 5665 293 5751 Putre
317 5671 347 5727 et
370 5669 443 5728 Filio
462 5670 598 5744 Spiritus,
625 5687 683 5727 uno
710 5671 829 5746 spiritu,
851 5690 911 5731 una
966 5673 1047 5731 Fuld.
1058 5690 1126 5731 reru
1137 5691 1175 5732 rc
1188 5678 1267 5748 porte
1278 5675 1437 5740 lismonam,
1447 5671 1532 5742 qussi
1543 5667 1636 5726 nollet
1646 5666 1791 5723 Romano·

83 5731 250 5798 subeuntia
275 5738 358 5800 Peter
372 5747 403 5802 et
417 5742 507 5801 cuius
521 5747 549 5804 et
564 5742 692 5820 Spiritus
718 5761 812 5805 unum
827 5750 909 5821 sunt,
964 5763 1031 5805 rum
1045 5745 1204 5822 provinciis
1219 5741 1408 5806 annumerari
1423 5740 1454 5799 in
1469 5740 1551 5815 Syris
1565 5743 1749 5812 comagenos
1763 5733 1794 5791 et

225 5868 362 5940 Psrsuc.
383 5873 409 5940 l.
1319 5919 1321 5928 ,
1614 5867 1653 5930 tt
