<?xml version="1.0" encoding="UTF-8"?>
<!DOCTYPE html PUBLIC "-//W3C//DTD XHTML 1.0 Transitional//EN"
    "http://www.w3.org/TR/xhtml1/DTD/xhtml1-transitional.dtd">
<html xmlns="http://www.w3.org/1999/xhtml" xml:lang="en" lang="en">
 <head>
  <title>
</title>
<meta http-equiv="Content-Type" content="text/html;charset=utf-8" />
  <meta name='ocr-system' content='tesseract 3.04.00' />
  <meta name='ocr-capabilities' content='ocr_page ocr_carea ocr_par ocr_line ocrx_word'/>
</head>
<body>
  <div class='ocr_page' id='page_1' title='image "./patrologiaecurs98unkngoog/patrologiaecurs98unkngoog_0492.png"; bbox 0 0 4102 6178; ppageno 0'>
   <div class='ocr_carea' id='block_1_1' title="bbox 131 294 1389 382">
    <p class='ocr_par' dir='ltr' id='par_1_1' title="bbox 131 294 1389 382">
     <span class='ocr_line' id='line_1_1' title="bbox 131 294 1389 382; baseline 0.002 -7"><span class='ocrx_word' id='word_1_1' title='bbox 131 313 189 378; x_wconf 79' lang='grc'><strong>973</strong></span> <span class='ocrx_word' id='word_1_2' title='bbox 595 311 632 373; x_wconf 86' lang='lat' dir='ltr'><strong>D.</strong></span> <span class='ocrx_word' id='word_1_3' title='bbox 657 309 704 375; x_wconf 81' lang='lat' dir='ltr'><strong>bil</strong></span> <span class='ocrx_word' id='word_1_4' title='bbox 726 294 900 375; x_wconf 81' lang='lat' dir='ltr'><strong>liOllllllY¹</strong></span> <span class='ocrx_word' id='word_1_5' title='bbox 913 311 1236 378; x_wconf 70' lang='lat' dir='ltr'><strong>onseitvat&#39;ioltas</strong></span> <span class='ocrx_word' id='word_1_6' title='bbox 1258 319 1389 382; x_wconf 76' lang='lat' dir='ltr'><strong>NOVAE.</strong></span> 
     </span>
    </p>
   </div>
   <div class='ocr_carea' id='block_1_2' title="bbox 179 444 908 700">
    <p class='ocr_par' dir='ltr' id='par_1_2' title="bbox 179 444 908 700">
     <span class='ocr_line' id='line_1_2' title="bbox 179 444 843 510; baseline 0 -14"><span class='ocrx_word' id='word_1_7' title='bbox 179 444 297 508; x_wconf 86' lang='lat' dir='ltr'><strong>Spumea</strong></span> <span class='ocrx_word' id='word_1_8' title='bbox 310 447 376 498; x_wconf 89' lang='lat' dir='ltr'><strong>tuno</strong></span> <span class='ocrx_word' id='word_1_9' title='bbox 389 445 505 510; x_wconf 86' lang='lat' dir='ltr'><strong>primam</strong></span> <span class='ocrx_word' id='word_1_10' title='bbox 520 445 608 496; x_wconf 88' lang='lat' dir='ltr'><strong>rables</strong></span> <span class='ocrx_word' id='word_1_11' title='bbox 622 457 723 496; x_wconf 83' lang='lat' dir='ltr'><strong>vesana</strong></span> <span class='ocrx_word' id='word_1_12' title='bbox 735 459 784 510; x_wconf 87' lang='lat' dir='ltr'><strong>per</strong></span> <span class='ocrx_word' id='word_1_13' title='bbox 797 459 843 496; x_wconf 87' lang='lat' dir='ltr'><strong>ora</strong></span> 
     </span>
     <span class='ocr_line' id='line_1_3' title="bbox 179 507 805 572; baseline 0 -14"><span class='ocrx_word' id='word_1_14' title='bbox 179 507 279 567; x_wconf 83' lang='lat' dir='ltr'><strong>Elfluit,</strong></span> <span class='ocrx_word' id='word_1_15' title='bbox 295 511 324 558; x_wconf 87' lang='lat' dir='ltr'><strong>at</strong></span> <span class='ocrx_word' id='word_1_16' title='bbox 336 509 460 572; x_wconf 76' lang='lat' dir='ltr'><strong>gemitus,</strong></span> <span class='ocrx_word' id='word_1_17' title='bbox 474 512 501 559; x_wconf 84' lang='lat' dir='ltr'><strong>et</strong></span> <span class='ocrx_word' id='word_1_18' title='bbox 515 509 612 572; x_wconf 76' lang='lat' dir='ltr'><strong>angelo</strong></span> <span class='ocrx_word' id='word_1_19' title='bbox 627 509 698 558; x_wconf 88' lang='lat' dir='ltr'><strong>clara</strong></span> <span class='ocrx_word' id='word_1_20' title='bbox 713 513 805 559; x_wconf 89' lang='lat' dir='ltr'><strong>meatu</strong></span> 
     </span>
     <span class='ocr_line' id='line_1_4' title="bbox 181 571 908 631; baseline 0.003 -11"><span class='ocrx_word' id='word_1_21' title='bbox 181 571 328 631; x_wconf 86' lang='lat' dir='ltr'><strong>tdurmura,</strong></span> <span class='ocrx_word' id='word_1_22' title='bbox 342 575 407 622; x_wconf 86' lang='lat' dir='ltr'><strong>tnnc</strong></span> <span class='ocrx_word' id='word_1_23' title='bbox 420 576 533 622; x_wconf 86' lang='lat' dir='ltr'><strong>moestus</strong></span> <span class='ocrx_word' id='word_1_24' title='bbox 549 572 633 622; x_wconf 80' lang='lat' dir='ltr'><strong>rastis</strong></span> <span class='ocrx_word' id='word_1_25' title='bbox 649 572 766 622; x_wconf 90' lang='lat' dir='ltr'><strong>ululatus</strong></span> <span class='ocrx_word' id='word_1_26' title='bbox 779 573 808 622; x_wconf 89' lang='lat' dir='ltr'><strong>in</strong></span> <span class='ocrx_word' id='word_1_27' title='bbox 824 573 908 622; x_wconf 86' lang='lat' dir='ltr'><strong>antris</strong></span> 
     </span>
     <span class='ocr_line' id='line_1_5' title="bbox 180 634 884 700; baseline 0.003 -16"><span class='ocrx_word' id='word_1_28' title='bbox 180 634 363 699; x_wconf 73' lang='lat' dir='ltr'><strong>extremaque</strong></span> <span class='ocrx_word' id='word_1_29' title='bbox 377 637 476 686; x_wconf 90' lang='lat' dir='ltr'><strong>sonant</strong></span> <span class='ocrx_word' id='word_1_30' title='bbox 490 634 591 685; x_wconf 87' lang='lat' dir='ltr'><strong>domita</strong></span> <span class='ocrx_word' id='word_1_31' title='bbox 602 634 658 698; x_wconf 82' lang='lat' dir='ltr'><strong>jnm</strong></span> <span class='ocrx_word' id='word_1_32' title='bbox 673 635 778 700; x_wconf 80' lang='lat' dir='ltr'><strong>virgine</strong></span> <span class='ocrx_word' id='word_1_33' title='bbox 793 647 884 686; x_wconf 80' lang='lat' dir='ltr'><strong>voces.</strong></span> 
     </span>
    </p>
   </div>
   <div class='ocr_carea' id='block_1_3' title="bbox 1785 323 1846 386">
    <p class='ocr_par' dir='ltr' id='par_1_3' title="bbox 1785 323 1846 386">
     <span class='ocr_line' id='line_1_6' title="bbox 1785 323 1846 386; baseline 0 -1"><span class='ocrx_word' id='word_1_34' title='bbox 1785 323 1846 386; x_wconf 81' lang='lat' dir='ltr'><strong>eti</strong></span> 
     </span>
    </p>
   </div>
   <div class='ocr_carea' id='block_1_4' title="bbox 977 449 1921 706">
    <p class='ocr_par' dir='ltr' id='par_1_4' title="bbox 977 449 1921 706">
     <span class='ocr_line' id='line_1_7' title="bbox 977 449 1845 533; baseline 0.014 -31"><span class='ocrx_word' id='word_1_35' title='bbox 977 466 1004 533; x_wconf 61' lang='grc' dir='ltr'><strong>Α</strong></span> <span class='ocrx_word' id='word_1_36' title='bbox 1019 463 1086 522; x_wconf 78' lang='lat' dir='ltr'><strong>pag.</strong></span> <span class='ocrx_word' id='word_1_37' title='bbox 1102 449 1158 523; x_wconf 72' lang='grc'>3)).</span> <span class='ocrx_word' id='word_1_38' title='bbox 1175 453 1288 510; x_wconf 77' lang='lat' dir='ltr'>Rursus</span> <span class='ocrx_word' id='word_1_39' title='bbox 1303 457 1402 510; x_wconf 88' lang='lat' dir='ltr'><strong>autem</strong></span> <span class='ocrx_word' id='word_1_40' title='bbox 1425 457 1529 528; x_wconf 89' lang='lat' dir='ltr'><strong>poetes</strong></span> <span class='ocrx_word' id='word_1_41' title='bbox 1546 471 1553 511; x_wconf 94' lang='lat'>:</span> <span class='ocrx_word' id='word_1_42' title='bbox 1570 475 1585 506; x_wconf 91' lang='lat'>«</span> <span class='ocrx_word' id='word_1_43' title='bbox 1602 453 1655 512; x_wconf 87' lang='lat' dir='ltr'><strong>Ubi</strong></span> <span class='ocrx_word' id='word_1_44' title='bbox 1675 458 1704 514; x_wconf 89' lang='lat' dir='ltr'><strong>et</strong></span> <span class='ocrx_word' id='word_1_45' title='bbox 1727 457 1845 530; x_wconf 84' lang='lat' dir='ltr'><strong>quando</strong></span> 
     </span>
     <span class='ocr_line' id='line_1_8' title="bbox 1018 539 1921 619; baseline 0.013 -27"><span class='ocrx_word' id='word_1_46' title='bbox 1018 539 1126 595; x_wconf 87' lang='lat' dir='ltr'><strong>socrati</strong></span> <span class='ocrx_word' id='word_1_47' title='bbox 1141 539 1272 598; x_wconf 73' lang='lat' dir='ltr'><strong>coelestis</strong></span> <span class='ocrx_word' id='word_1_48' title='bbox 1287 543 1450 601; x_wconf 76' lang='lat' dir='ltr'><strong>audiebant</strong></span> <span class='ocrx_word' id='word_1_49' title='bbox 1464 543 1612 602; x_wconf 89' lang='lat' dir='ltr'><strong>castitatis</strong></span> <span class='ocrx_word' id='word_1_50' title='bbox 1634 549 1778 619; x_wconf 82' lang='lat' dir='ltr'><strong>precepta</strong></span> <span class='ocrx_word' id='word_1_51' title='bbox 1795 562 1844 603; x_wconf 91' lang='lat' dir='ltr'><strong>ne·</strong></span> <span class='ocrx_word' id='word_1_52' title='bbox 1918 587 1921 595; x_wconf 79' lang='lat'>-</span> 
     </span>
     <span class='ocr_line' id='line_1_9' title="bbox 1017 613 1844 706; baseline 0.013 -24"><span class='ocrx_word' id='word_1_53' title='bbox 1017 613 1229 686; x_wconf 76' lang='lat' dir='ltr'><strong>ecimus.&#39;nnte</strong></span> <span class='ocrx_word' id='word_1_54' title='bbox 1244 631 1343 704; x_wconf 85' lang='lat' dir='ltr'><strong>ipsum</strong></span> <span class='ocrx_word' id='word_1_55' title='bbox 1355 635 1454 689; x_wconf 84' lang='lat' dir='ltr'><strong>tamen</strong></span> <span class='ocrx_word' id='word_1_56' title='bbox 1470 632 1638 706; x_wconf 83' lang='lat' dir='ltr'><strong>delubrum,</strong></span> <span class='ocrx_word' id='word_1_57' title='bbox 1656 635 1705 690; x_wconf 92' lang='lat' dir='ltr'><strong>ubi</strong></span> <span class='ocrx_word' id='word_1_58' title='bbox 1719 633 1844 693; x_wconf 86' lang='lat' dir='ltr'><strong>simuls-</strong></span> 
     </span>
    </p>
   </div>
   <div class='ocr_carea' id='block_1_5' title="bbox 133 716 1842 886">
    <p class='ocr_par' dir='ltr' id='par_1_5' title="bbox 133 716 1842 886">
     <span class='ocr_line' id='line_1_10' title="bbox 367 716 1842 798; baseline -0.003 -13"><span class='ocrx_word' id='word_1_59' title='bbox 367 785 374 798; x_wconf 77' lang='grc'><em>,</em></span> <span class='ocrx_word' id='word_1_60' title='bbox 487 785 492 797; x_wconf 71' lang='grc'><strong>,</strong></span> <span class='ocrx_word' id='word_1_61' title='bbox 651 787 656 798; x_wconf 50' lang='grc'>,</span> <span class='ocrx_word' id='word_1_62' title='bbox 921 786 926 798; x_wconf 40' lang='grc' dir='ltr'>Ι</span> <span class='ocrx_word' id='word_1_63' title='bbox 1018 732 1100 773; x_wconf 89' lang='lat' dir='ltr'><strong>crum</strong></span> <span class='ocrx_word' id='word_1_64' title='bbox 1116 716 1331 776; x_wconf 91' lang='lat' dir='ltr'><strong>illudlocatum</strong></span> <span class='ocrx_word' id='word_1_65' title='bbox 1348 721 1612 797; x_wconf 72' lang='lat' dir='ltr'><strong>conspiciebamus,</strong></span> <span class='ocrx_word' id='word_1_66' title='bbox 1629 723 1758 781; x_wconf 86' lang='lat' dir='ltr'><strong>universi</strong></span> <span class='ocrx_word' id='word_1_67' title='bbox 1787 741 1842 782; x_wconf 91' lang='lat' dir='ltr'><strong>un·</strong></span> 
     </span>
     <span class='ocr_line' id='line_1_11' title="bbox 133 784 1839 886; baseline 0.003 -20"><span class='ocrx_word' id='word_1_68' title='bbox 133 786 329 853; x_wconf 61' lang='lat' dir='ltr'><strong>Quim⁰bf⁰ffl</strong></span> <span class='ocrx_word' id='word_1_69' title='bbox 345 787 443 842; x_wconf 71' lang='lat' dir='ltr'><strong>⁰¹⁰⁰l⁰</strong></span> <span class='ocrx_word' id='word_1_70' title='bbox 462 785 526 859; x_wconf 51' lang='grc' dir='ltr'><strong>(Μ)</strong></span> <span class='ocrx_word' id='word_1_71' title='bbox 541 801 552 842; x_wconf 87' lang='lat'>¹</span> <span class='ocrx_word' id='word_1_72' title='bbox 565 785 598 842; x_wconf 60' lang='grc' dir='ltr'><strong>αθ</strong></span> <span class='ocrx_word' id='word_1_73' title='bbox 622 786 714 843; x_wconf 64' lang='lat' dir='ltr'><strong>”Win-</strong></span> <span class='ocrx_word' id='word_1_74' title='bbox 730 801 797 860; x_wconf 67' lang='lat'>1³⁸8·</span> <span class='ocrx_word' id='word_1_75' title='bbox 823 787 886 854; x_wconf 75' lang='lat'><strong>274,</strong></span> <span class='ocrx_word' id='word_1_76' title='bbox 907 784 962 844; x_wconf 76' lang='lat'>¹¹¹¹·</span> <span class='ocrx_word' id='word_1_77' title='bbox 1017 805 1105 878; x_wconf 80' lang='lat' dir='ltr'><strong>dique</strong></span> <span class='ocrx_word' id='word_1_78' title='bbox 1120 807 1310 875; x_wconf 83' lang='lat' dir='ltr'><strong>confluentes,</strong></span> <span class='ocrx_word' id='word_1_79' title='bbox 1325 815 1353 865; x_wconf 87' lang='lat' dir='ltr'><strong>st</strong></span> <span class='ocrx_word' id='word_1_80' title='bbox 1369 811 1418 866; x_wconf 91' lang='lat' dir='ltr'><strong>ubi</strong></span> <span class='ocrx_word' id='word_1_81' title='bbox 1433 811 1560 885; x_wconf 90' lang='lat' dir='ltr'><strong>quiaque</strong></span> <span class='ocrx_word' id='word_1_82' title='bbox 1584 817 1697 886; x_wconf 89' lang='lat' dir='ltr'><strong>poterat</strong></span> <span class='ocrx_word' id='word_1_83' title='bbox 1715 815 1839 886; x_wconf 90' lang='lat' dir='ltr'><strong>stantes,</strong></span> 
     </span>
    </p>
   </div>
   <div class='ocr_carea' id='block_1_6' title="bbox 132 873 1935 1510">
    <p class='ocr_par' dir='ltr' id='par_1_6' title="bbox 132 873 1935 1510">
     <span class='ocr_line' id='line_1_12' title="bbox 132 873 1840 976; baseline 0.008 -29"><span class='ocrx_word' id='word_1_84' title='bbox 132 874 189 947; x_wconf 86' lang='lat'>35)·</span> <span class='ocrx_word' id='word_1_85' title='bbox 205 896 219 926; x_wconf 76' lang='lat'><strong>‘⁴</strong></span> <span class='ocrx_word' id='word_1_86' title='bbox 234 873 701 976; x_wconf 60' lang='lat' dir='ltr'><strong>Cf⁶d⁰ellflffislflillllrssuhelllffi</strong></span> <span class='ocrx_word' id='word_1_87' title='bbox 716 875 963 949; x_wconf 69' lang='lat' dir='ltr'><strong>q⁰⁰³dilfflf¹²l³⁸⁰</strong></span> <span class='ocrx_word' id='word_1_88' title='bbox 1015 892 1102 951; x_wconf 90' lang='lat' dir='ltr'><strong>ludos</strong></span> <span class='ocrx_word' id='word_1_89' title='bbox 1122 897 1173 968; x_wconf 91' lang='lat' dir='ltr'><strong>qui</strong></span> <span class='ocrx_word' id='word_1_90' title='bbox 1199 898 1371 970; x_wconf 75' lang='lat' dir='ltr'><strong>agebantur,</strong></span> <span class='ocrx_word' id='word_1_91' title='bbox 1400 899 1592 958; x_wconf 77' lang='lat' dir='ltr'><strong>intentissimi</strong></span> <span class='ocrx_word' id='word_1_92' title='bbox 1620 903 1840 975; x_wconf 88' lang='lat' dir='ltr'><strong>spectabamus,</strong></span> 
     </span>
     <span class='ocr_line' id='line_1_13' title="bbox 133 963 1935 1062; baseline 0.007 -29"><span class='ocrx_word' id='word_1_93' title='bbox 133 963 559 1036; x_wconf 77' lang='lat' dir='ltr'><strong>terrarum‚qu1buarniiatae</strong></span> <span class='ocrx_word' id='word_1_94' title='bbox 585 964 833 1022; x_wconf 64' lang='lat' dir='ltr'><strong>missl⁰⁸⁰l⁰⁰¹¹¹⁸</strong></span> <span class='ocrx_word' id='word_1_95' title='bbox 857 964 961 1022; x_wconf 60' lang='lat' dir='ltr'><strong>funde·</strong></span> <span class='ocrx_word' id='word_1_96' title='bbox 1016 982 1175 1057; x_wconf 89' lang='lat' dir='ltr'><strong>intuentes,</strong></span> <span class='ocrx_word' id='word_1_97' title='bbox 1192 985 1356 1044; x_wconf 88' lang='lat' dir='ltr'><strong>alternante</strong></span> <span class='ocrx_word' id='word_1_98' title='bbox 1370 994 1528 1062; x_wconf 90' lang='lat' dir='ltr'><strong>conspectu</strong></span> <span class='ocrx_word' id='word_1_99' title='bbox 1554 989 1624 1047; x_wconf 89' lang='lat' dir='ltr'><strong>binc</strong></span> <span class='ocrx_word' id='word_1_100' title='bbox 1640 991 1839 1049; x_wconf 87' lang='lat' dir='ltr'><strong>meretriciam</strong></span> <span class='ocrx_word' id='word_1_101' title='bbox 1931 1031 1935 1046; x_wconf 80' lang='grc'>.</span> 
     </span>
     <span class='ocr_line' id='line_1_14' title="bbox 132 1051 1841 1154; baseline 0.001 -44"><span class='ocrx_word' id='word_1_102' title='bbox 132 1059 228 1110; x_wconf 73' lang='lat' dir='ltr'><strong>rent.»</strong></span> <span class='ocrx_word' id='word_1_103' title='bbox 243 1053 299 1109; x_wconf 85' lang='lat' dir='ltr'><strong>Sed</strong></span> <span class='ocrx_word' id='word_1_104' title='bbox 315 1053 351 1109; x_wconf 90' lang='lat' dir='ltr'><strong>dc</strong></span> <span class='ocrx_word' id='word_1_105' title='bbox 364 1053 412 1110; x_wconf 91' lang='lat' dir='ltr'><strong>his</strong></span> <span class='ocrx_word' id='word_1_106' title='bbox 428 1051 527 1126; x_wconf 84' lang='lat' dir='ltr'><strong>pluras</strong></span> <span class='ocrx_word' id='word_1_107' title='bbox 543 1052 617 1110; x_wconf 88' lang='lat' dir='ltr'><strong>aiios</strong></span> <span class='ocrx_word' id='word_1_108' title='bbox 632 1053 790 1126; x_wconf 87' lang='lat' dir='ltr'><strong>scriptores</strong></span> <span class='ocrx_word' id='word_1_109' title='bbox 805 1053 963 1111; x_wconf 88' lang='lat' dir='ltr'><strong>citavimus</strong></span> <span class='ocrx_word' id='word_1_110' title='bbox 1016 1089 1165 1146; x_wconf 58' lang='lat' dir='ltr'><strong>pompam,</strong></span> <span class='ocrx_word' id='word_1_111' title='bbox 1182 1073 1419 1151; x_wconf 57' lang='lat' dir='ltr'><strong>qqmvirgqnem</strong></span> <span class='ocrx_word' id='word_1_112' title='bbox 1444 1080 1529 1136; x_wconf 58' lang='lat' dir='ltr'><strong>,mm</strong></span> <span class='ocrx_word' id='word_1_113' title='bbox 1558 1079 1640 1138; x_wconf 62' lang='lat' dir='ltr'><strong>qnam</strong></span> <span class='ocrx_word' id='word_1_114' title='bbox 1668 1079 1841 1154; x_wconf 56' lang='lat' dir='ltr'><strong>,upplioiqer</strong></span> 
     </span>
     <span class='ocr_line' id='line_1_15' title="bbox 132 1141 1863 1243; baseline 0.002 -45"><span class='ocrx_word' id='word_1_115' title='bbox 132 1143 163 1198; x_wconf 92' lang='lat' dir='ltr'><strong>in</strong></span> <span class='ocrx_word' id='word_1_116' title='bbox 179 1141 255 1200; x_wconf 65' lang='lat'><strong>885</strong></span> <span class='ocrx_word' id='word_1_117' title='bbox 283 1145 385 1198; x_wconf 90' lang='lat' dir='ltr'><strong>nostra</strong></span> <span class='ocrx_word' id='word_1_118' title='bbox 410 1142 446 1198; x_wconf 89' lang='lat' dir='ltr'><strong>de</strong></span> <span class='ocrx_word' id='word_1_119' title='bbox 472 1141 594 1198; x_wconf 87' lang='lat' dir='ltr'><strong>Minucii</strong></span> <span class='ocrx_word' id='word_1_120' title='bbox 614 1141 731 1200; x_wconf 87' lang='lat' dir='ltr'><strong>Octavio</strong></span> <span class='ocrx_word' id='word_1_121' title='bbox 757 1142 962 1200; x_wconf 77' lang='lat' dir='ltr'><strong>dissertatione</strong></span> <span class='ocrx_word' id='word_1_122' title='bbox 1016 1162 1142 1235; x_wconf 52' lang='lat' dir='ltr'>adorari,</span> <span class='ocrx_word' id='word_1_123' title='bbox 1158 1169 1226 1221; x_wconf 62' lang='lat' dir='ltr'><strong>an„</strong></span> <span class='ocrx_word' id='word_1_124' title='bbox 1241 1164 1322 1223; x_wconf 68' lang='lat' dir='ltr'><strong>mm</strong></span> <span class='ocrx_word' id='word_1_125' title='bbox 1338 1167 1437 1241; x_wconf 61' lang='lat' dir='ltr'><strong>turpi,</strong></span> <span class='ocrx_word' id='word_1_126' title='bbox 1453 1168 1593 1226; x_wconf 55' lang='lat' dir='ltr'><strong>,elebmi</strong></span> <span class='ocrx_word' id='word_1_127' title='bbox 1611 1188 1618 1239; x_wconf 65' lang='lat'>;</span> <span class='ocrx_word' id='word_1_128' title='bbox 1633 1187 1691 1228; x_wconf 66' lang='lat' dir='ltr'><strong>non</strong></span> <span class='ocrx_word' id='word_1_129' title='bbox 1718 1169 1759 1227; x_wconf 66' lang='lat' dir='ltr'><strong>ihi</strong></span> <span class='ocrx_word' id='word_1_130' title='bbox 1784 1189 1839 1243; x_wconf 71' lang='lat' dir='ltr'><strong>pu,</strong></span> <span class='ocrx_word' id='word_1_131' title='bbox 1861 1213 1863 1218; x_wconf 23' lang='grc' dir='ltr'>Ι</span> 
     </span>
     <span class='ocr_line' id='line_1_16' title="bbox 132 1231 1840 1332; baseline 0.008 -29"><span class='ocrx_word' id='word_1_132' title='bbox 132 1231 450 1303; x_wconf 64' lang='lat' dir='ltr'><strong>(mastrucarum.</strong></span> <span class='ocrx_word' id='word_1_133' title='bbox 478 1247 543 1332; x_wconf 78' lang='lat' dir='ltr'><strong>cnp.</strong></span> <span class='ocrx_word' id='word_1_134' title='bbox 560 1231 603 1301; x_wconf 69' lang='lat'><strong>⁴⁰2</strong></span> <span class='ocrx_word' id='word_1_135' title='bbox 620 1234 675 1287; x_wconf 87' lang='lat' dir='ltr'><strong>art.</strong></span> <span class='ocrx_word' id='word_1_136' title='bbox 699 1232 737 1302; x_wconf 86' lang='lat'><strong>2).</strong></span> <span class='ocrx_word' id='word_1_137' title='bbox 763 1231 837 1289; x_wconf 64' lang='lat' dir='ltr'><strong>Vidi</strong></span> <span class='ocrx_word' id='word_1_138' title='bbox 851 1237 961 1301; x_wconf 66' lang='lat' dir='ltr'><strong>&amp;Ultima</strong></span> <span class='ocrx_word' id='word_1_139' title='bbox 1016 1250 1163 1312; x_wconf 91' lang='lat' dir='ltr'><strong>dibundos</strong></span> <span class='ocrx_word' id='word_1_140' title='bbox 1184 1255 1303 1323; x_wconf 89' lang='lat' dir='ltr'><strong>mimos,</strong></span> <span class='ocrx_word' id='word_1_141' title='bbox 1319 1255 1431 1313; x_wconf 88' lang='lat' dir='ltr'><strong>nullam</strong></span> <span class='ocrx_word' id='word_1_142' title='bbox 1454 1259 1693 1316; x_wconf 75' lang='lat' dir='ltr'><strong>verecundiorem</strong></span> <span class='ocrx_word' id='word_1_143' title='bbox 1721 1275 1840 1319; x_wconf 88' lang='lat' dir='ltr'><strong>scenam</strong></span> 
     </span>
     <span class='ocr_line' id='line_1_17' title="bbox 133 1318 1840 1421; baseline 0.011 -32"><span class='ocrx_word' id='word_1_144' title='bbox 133 1320 382 1388; x_wconf 63' lang='lat' dir='ltr'><strong>⁰b⁸001021¹li¹1ffl</strong></span> <span class='ocrx_word' id='word_1_145' title='bbox 405 1337 439 1376; x_wconf 72' lang='lat'><strong>⁸¹</strong></span> <span class='ocrx_word' id='word_1_146' title='bbox 454 1318 513 1376; x_wconf 61' lang='grc' dir='ltr'><strong>ΗΠΒ</strong></span> <span class='ocrx_word' id='word_1_147' title='bbox 539 1319 637 1393; x_wconf 76' lang='lat' dir='ltr'><strong>⁰⁰l¹liil</strong></span> <span class='ocrx_word' id='word_1_148' title='bbox 665 1321 760 1393; x_wconf 63' lang='grc' dir='ltr'><strong>[ὶθθῦῑι</strong></span> <span class='ocrx_word' id='word_1_149' title='bbox 788 1321 867 1378; x_wconf 61' lang='lat' dir='ltr'><strong>huni</strong></span> <span class='ocrx_word' id='word_1_150' title='bbox 897 1338 962 1378; x_wconf 77' lang='lat'><strong>⁰⁸⁵⁰</strong></span> <span class='ocrx_word' id='word_1_151' title='bbox 1015 1339 1163 1412; x_wconf 80' lang='lat' dir='ltr'><strong>vidimus;</strong></span> <span class='ocrx_word' id='word_1_152' title='bbox 1180 1351 1287 1410; x_wconf 82' lang='lat' dir='ltr'><strong>cuneta</strong></span> <span class='ocrx_word' id='word_1_153' title='bbox 1301 1345 1491 1404; x_wconf 88' lang='lat' dir='ltr'><strong>obscenitatis</strong></span> <span class='ocrx_word' id='word_1_154' title='bbox 1505 1347 1706 1421; x_wconf 85' lang='lat' dir='ltr'><strong>implebantur</strong></span> <span class='ocrx_word' id='word_1_155' title='bbox 1732 1349 1840 1407; x_wconf 86' lang='lat' dir='ltr'><strong>cilicia.</strong></span> 
     </span>
     <span class='ocr_line' id='line_1_18' title="bbox 132 1407 1842 1510; baseline 0.008 -45"><span class='ocrx_word' id='word_1_156' title='bbox 132 1407 307 1466; x_wconf 75' lang='lat' dir='ltr'><strong>Tertulliani</strong></span> <span class='ocrx_word' id='word_1_157' title='bbox 321 1425 443 1465; x_wconf 85' lang='lat' dir='ltr'><strong>sensum</strong></span> <span class='ocrx_word' id='word_1_158' title='bbox 454 1425 461 1464; x_wconf 91' lang='lat'><strong>:</strong></span> <span class='ocrx_word' id='word_1_159' title='bbox 472 1409 560 1466; x_wconf 85' lang='lat' dir='ltr'><strong>Vates</strong></span> <span class='ocrx_word' id='word_1_160' title='bbox 571 1412 600 1466; x_wconf 90' lang='lat' dir='ltr'><strong>et</strong></span> <span class='ocrx_word' id='word_1_161' title='bbox 610 1409 693 1467; x_wconf 91' lang='lat' dir='ltr'><strong>arioli</strong></span> <span class='ocrx_word' id='word_1_162' title='bbox 709 1409 919 1467; x_wconf 82' lang='lat' dir='ltr'><strong>existimantur</strong></span> <span class='ocrx_word' id='word_1_163' title='bbox 929 1411 962 1466; x_wconf 84' lang='lat' dir='ltr'><strong>de</strong></span> <span class='ocrx_word' id='word_1_164' title='bbox 1015 1429 1167 1489; x_wconf 52' lang='lat' dir='ltr'><strong>gerebatur</strong></span> <span class='ocrx_word' id='word_1_165' title='bbox 1181 1434 1315 1507; x_wconf 55' lang='lat' dir='ltr'><strong>virginali</strong></span> <span class='ocrx_word' id='word_1_166' title='bbox 1331 1436 1447 1492; x_wconf 64' lang='lat' dir='ltr'><strong>numqui</strong></span> <span class='ocrx_word' id='word_1_167' title='bbox 1463 1436 1533 1509; x_wconf 64' lang='lat' dir='ltr'><strong>quid</strong></span> <span class='ocrx_word' id='word_1_168' title='bbox 1547 1436 1684 1510; x_wconf 55' lang='lat' dir='ltr'><strong>plum,</strong></span> <span class='ocrx_word' id='word_1_169' title='bbox 1702 1443 1731 1494; x_wconf 52' lang='grc' dir='ltr'><strong>Β)</strong></span> <span class='ocrx_word' id='word_1_170' title='bbox 1761 1438 1842 1495; x_wconf 60' lang='lat' dir='ltr'><strong>mi.</strong></span> 
     </span>
    </p>
   </div>
   <div class='ocr_carea' id='block_1_7' title="bbox 133 1497 1842 1598">
    <p class='ocr_par' dir='ltr' id='par_1_7' title="bbox 133 1497 1842 1598">
     <span class='ocr_line' id='line_1_19' title="bbox 133 1497 1842 1598; baseline 0.006 -44"><span class='ocrx_word' id='word_1_171' title='bbox 133 1498 183 1555; x_wconf 82' lang='lat' dir='ltr'><strong>deo</strong></span> <span class='ocrx_word' id='word_1_172' title='bbox 196 1500 268 1570; x_wconf 87' lang='lat' dir='ltr'><strong>poli,</strong></span> <span class='ocrx_word' id='word_1_173' title='bbox 284 1515 352 1556; x_wconf 92' lang='lat' dir='ltr'><strong>cum</strong></span> <span class='ocrx_word' id='word_1_174' title='bbox 367 1499 404 1555; x_wconf 89' lang='lat' dir='ltr'><strong>ab</strong></span> <span class='ocrx_word' id='word_1_175' title='bbox 426 1497 477 1555; x_wconf 92' lang='lat' dir='ltr'><strong>illo</strong></span> <span class='ocrx_word' id='word_1_176' title='bbox 493 1499 560 1566; x_wconf 88' lang='lat' dir='ltr'><strong>acti,</strong></span> <span class='ocrx_word' id='word_1_177' title='bbox 575 1503 648 1556; x_wconf 79' lang='lat' dir='ltr'><strong>aestu</strong></span> <span class='ocrx_word' id='word_1_178' title='bbox 674 1517 707 1557; x_wconf 88' lang='lat' dir='ltr'><strong>ao</strong></span> <span class='ocrx_word' id='word_1_179' title='bbox 723 1500 820 1558; x_wconf 88' lang='lat' dir='ltr'><strong>lurore</strong></span> <span class='ocrx_word' id='word_1_180' title='bbox 843 1503 962 1575; x_wconf 86' lang='lat' dir='ltr'><strong>torque·</strong></span> <span class='ocrx_word' id='word_1_181' title='bbox 1016 1519 1233 1580; x_wconf 55' lang='lat' dir='ltr'><strong>bebatupggg</strong></span> <span class='ocrx_word' id='word_1_182' title='bbox 1253 1523 1331 1596; x_wconf 66' lang='lat' dir='ltr'><strong>quod</strong></span> <span class='ocrx_word' id='word_1_183' title='bbox 1357 1524 1392 1582; x_wconf 63' lang='lat' dir='ltr'><strong>d,</strong></span> <span class='ocrx_word' id='word_1_184' title='bbox 1418 1524 1529 1598; x_wconf 51' lang='lat' dir='ltr'><strong>tompqo</strong></span> <span class='ocrx_word' id='word_1_185' title='bbox 1558 1526 1681 1584; x_wconf 70' lang='lat' dir='ltr'>domum</span> <span class='ocrx_word' id='word_1_186' title='bbox 1706 1531 1842 1586; x_wconf 57' lang='lat' dir='ltr'><strong>mamm,</strong></span> 
     </span>
    </p>
   </div>
   <div class='ocr_carea' id='block_1_8' title="bbox 132 1589 1843 2667">
    <p class='ocr_par' dir='ltr' id='par_1_8' title="bbox 133 1589 1843 1698">
     <span class='ocr_line' id='line_1_20' title="bbox 133 1589 1843 1698; baseline 0.007 -35"><span class='ocrx_word' id='word_1_187' title='bbox 133 1589 253 1644; x_wconf 57' lang='lat' dir='ltr'><strong>haistul-</strong></span> <span class='ocrx_word' id='word_1_188' title='bbox 969 1691 971 1698; x_wconf 46' lang='lat'><strong>,</strong></span> <span class='ocrx_word' id='word_1_189' title='bbox 1016 1608 1129 1668; x_wconf 90' lang='lat' dir='ltr'><strong>doctior</strong></span> <span class='ocrx_word' id='word_1_190' title='bbox 1143 1617 1334 1686; x_wconf 79' lang='lat' dir='ltr'><strong>reportaret»</strong></span> <span class='ocrx_word' id='word_1_191' title='bbox 1353 1613 1433 1687; x_wconf 83' lang='lat' dir='ltr'><strong>(illd.</strong></span> <span class='ocrx_word' id='word_1_192' title='bbox 1449 1629 1513 1688; x_wconf 86' lang='lat' dir='ltr'><strong>cup.</strong></span> <span class='ocrx_word' id='word_1_193' title='bbox 1533 1615 1580 1686; x_wconf 83' lang='lat'><strong>26,</strong></span> <span class='ocrx_word' id='word_1_194' title='bbox 1597 1632 1664 1690; x_wconf 81' lang='lat' dir='ltr'><strong>pag,</strong></span> <span class='ocrx_word' id='word_1_195' title='bbox 1679 1617 1737 1690; x_wconf 79' lang='grc'>56).</span> <span class='ocrx_word' id='word_1_196' title='bbox 1753 1616 1843 1676; x_wconf 86' lang='lat' dir='ltr'><strong>Plura</strong></span> 
     </span>
    </p>

    <p class='ocr_par' dir='ltr' id='par_1_9' title="bbox 132 1697 1842 2667">
     <span class='ocr_line' id='line_1_21' title="bbox 168 1697 1842 1780; baseline 0.001 -17"><span class='ocrx_word' id='word_1_197' title='bbox 168 1703 224 1772; x_wconf 86' lang='lat' dir='ltr'><strong>Qui</strong></span> <span class='ocrx_word' id='word_1_198' title='bbox 238 1719 305 1760; x_wconf 89' lang='lat' dir='ltr'><strong>vero</strong></span> <span class='ocrx_word' id='word_1_199' title='bbox 328 1704 386 1760; x_wconf 84' lang='lat' dir='ltr'><strong>oris</strong></span> <span class='ocrx_word' id='word_1_200' title='bbox 412 1704 582 1772; x_wconf 63' lang='lat' dir='ltr'><strong>intuentes,</strong></span> <span class='ocrx_word' id='word_1_201' title='bbox 613 1705 675 1762; x_wconf 87' lang='lat' dir='ltr'><strong>sive</strong></span> <span class='ocrx_word' id='word_1_202' title='bbox 689 1705 848 1779; x_wconf 81' lang='lat' dir='ltr'><strong>spirantes,</strong></span> <span class='ocrx_word' id='word_1_203' title='bbox 873 1709 902 1764; x_wconf 91' lang='lat' dir='ltr'><strong>at</strong></span> <span class='ocrx_word' id='word_1_204' title='bbox 930 1705 961 1761; x_wconf 87' lang='lat' dir='ltr'><strong>in</strong></span> <span class='ocrx_word' id='word_1_205' title='bbox 1015 1697 1111 1756; x_wconf 86' lang='lat' dir='ltr'><strong>adbuc</strong></span> <span class='ocrx_word' id='word_1_206' title='bbox 1126 1700 1162 1758; x_wconf 90' lang='lat' dir='ltr'><strong>de</strong></span> <span class='ocrx_word' id='word_1_207' title='bbox 1176 1717 1211 1758; x_wconf 89' lang='lat' dir='ltr'><strong>ea</strong></span> <span class='ocrx_word' id='word_1_208' title='bbox 1224 1701 1274 1759; x_wconf 91' lang='lat' dir='ltr'><strong>iile</strong></span> <span class='ocrx_word' id='word_1_209' title='bbox 1285 1703 1367 1760; x_wconf 84' lang='lat' dir='ltr'><strong>alibi.</strong></span> <span class='ocrx_word' id='word_1_210' title='bbox 1383 1703 1437 1761; x_wconf 89' lang='lat' dir='ltr'><strong>Sed</strong></span> <span class='ocrx_word' id='word_1_211' title='bbox 1453 1703 1514 1761; x_wconf 85' lang='lat' dir='ltr'><strong>beo</strong></span> <span class='ocrx_word' id='word_1_212' title='bbox 1529 1705 1602 1762; x_wconf 89' lang='lat' dir='ltr'><strong>satia</strong></span> <span class='ocrx_word' id='word_1_213' title='bbox 1617 1720 1842 1780; x_wconf 89' lang='lat' dir='ltr'><strong>supcrqnepro·</strong></span> 
     </span>
     <span class='ocr_line' id='line_1_22' title="bbox 133 1786 1841 1904; baseline 0.004 -56"><span class='ocrx_word' id='word_1_214' title='bbox 133 1809 201 1849; x_wconf 87' lang='lat' dir='ltr'><strong>aras</strong></span> <span class='ocrx_word' id='word_1_215' title='bbox 216 1791 354 1865; x_wconf 89' lang='lat' dir='ltr'><strong>spiritum</strong></span> <span class='ocrx_word' id='word_1_216' title='bbox 373 1793 554 1862; x_wconf 89' lang='lat' dir='ltr'><strong>amittentes,</strong></span> <span class='ocrx_word' id='word_1_217' title='bbox 577 1810 691 1861; x_wconf 82' lang='lat' dir='ltr'><strong>numen,</strong></span> <span class='ocrx_word' id='word_1_218' title='bbox 719 1795 750 1851; x_wconf 92' lang='lat' dir='ltr'><strong>id</strong></span> <span class='ocrx_word' id='word_1_219' title='bbox 771 1799 825 1864; x_wconf 86' lang='lat' dir='ltr'><strong>est,</strong></span> <span class='ocrx_word' id='word_1_220' title='bbox 847 1793 892 1851; x_wconf 93' lang='lat' dir='ltr'><strong>dei</strong></span> <span class='ocrx_word' id='word_1_221' title='bbox 907 1794 959 1852; x_wconf 89' lang='lat' dir='ltr'><strong>ali·</strong></span> <span class='ocrx_word' id='word_1_222' title='bbox 975 1837 999 1904; x_wconf 75' lang='lat' dir='ltr'>B</span> <span class='ocrx_word' id='word_1_223' title='bbox 1015 1786 1087 1845; x_wconf 89' lang='lat' dir='ltr'><strong>bant</strong></span> <span class='ocrx_word' id='word_1_224' title='bbox 1100 1791 1178 1863; x_wconf 85' lang='lat' dir='ltr'><strong>apud</strong></span> <span class='ocrx_word' id='word_1_225' title='bbox 1194 1791 1281 1849; x_wconf 75' lang='lat' dir='ltr'><strong>airus</strong></span> <span class='ocrx_word' id='word_1_226' title='bbox 1296 1792 1387 1850; x_wconf 82' lang='lat' dir='ltr'><strong>luisse</strong></span> <span class='ocrx_word' id='word_1_227' title='bbox 1402 1793 1547 1866; x_wconf 89' lang='lat' dir='ltr'><strong>templum</strong></span> <span class='ocrx_word' id='word_1_228' title='bbox 1572 1793 1693 1868; x_wconf 82' lang='lat' dir='ltr'><strong>uirginis</strong></span> <span class='ocrx_word' id='word_1_229' title='bbox 1707 1794 1841 1854; x_wconf 77' lang='lat' dir='ltr'><strong>Caelestia</strong></span> 
     </span>
     <span class='ocr_line' id='line_1_23' title="bbox 132 1879 1841 1956; baseline 0.004 -20"><span class='ocrx_word' id='word_1_230' title='bbox 132 1882 219 1952; x_wconf 84' lang='lat' dir='ltr'><strong>eujus</strong></span> <span class='ocrx_word' id='word_1_231' title='bbox 236 1886 340 1938; x_wconf 91' lang='lat' dir='ltr'><strong>nutum</strong></span> <span class='ocrx_word' id='word_1_232' title='bbox 353 1885 382 1938; x_wconf 90' lang='lat' dir='ltr'><strong>ct</strong></span> <span class='ocrx_word' id='word_1_233' title='bbox 396 1887 572 1955; x_wconf 86' lang='lat' dir='ltr'><strong>potestatem</strong></span> <span class='ocrx_word' id='word_1_234' title='bbox 587 1883 782 1951; x_wconf 48' lang='lat' dir='ltr'><strong>mullerem</strong></span> <span class='ocrx_word' id='word_1_235' title='bbox 800 1887 856 1952; x_wconf 83' lang='lat' dir='ltr'><strong>eut,</strong></span> <span class='ocrx_word' id='word_1_236' title='bbox 871 1884 960 1940; x_wconf 91' lang='lat' dir='ltr'><strong>odore</strong></span> <span class='ocrx_word' id='word_1_237' title='bbox 1014 1895 1078 1951; x_wconf 80' lang='lat' dir='ltr'><strong>quta</strong></span> <span class='ocrx_word' id='word_1_238' title='bbox 1094 1895 1152 1935; x_wconf 88' lang='lat' dir='ltr'><strong>non</strong></span> <span class='ocrx_word' id='word_1_239' title='bbox 1168 1879 1264 1936; x_wconf 89' lang='lat' dir='ltr'><strong>solum</strong></span> <span class='ocrx_word' id='word_1_240' title='bbox 1283 1881 1320 1937; x_wconf 91' lang='lat' dir='ltr'><strong>sb</strong></span> <span class='ocrx_word' id='word_1_241' title='bbox 1335 1880 1396 1938; x_wconf 89' lang='lat' dir='ltr'><strong>illis</strong></span> <span class='ocrx_word' id='word_1_242' title='bbox 1411 1880 1571 1952; x_wconf 87' lang='lat' dir='ltr'><strong>colebatur,</strong></span> <span class='ocrx_word' id='word_1_243' title='bbox 1595 1884 1647 1940; x_wconf 90' lang='lat' dir='ltr'><strong>sed</strong></span> <span class='ocrx_word' id='word_1_244' title='bbox 1670 1899 1734 1956; x_wconf 85' lang='lat' dir='ltr'><strong>que</strong></span> <span class='ocrx_word' id='word_1_245' title='bbox 1757 1884 1841 1942; x_wconf 87' lang='lat' dir='ltr'><strong>siocl-</strong></span> 
     </span>
     <span class='ocr_line' id='line_1_24' title="bbox 132 1968 1839 2048; baseline 0.003 -22"><span class='ocrx_word' id='word_1_246' title='bbox 132 1969 261 2027; x_wconf 84' lang='lat' dir='ltr'><strong>sictime</strong></span> <span class='ocrx_word' id='word_1_247' title='bbox 287 1969 414 2043; x_wconf 85' lang='lat' dir='ltr'><strong>aiicujus</strong></span> <span class='ocrx_word' id='word_1_248' title='bbox 443 1976 568 2044; x_wconf 82' lang='lat' dir='ltr'><strong>peruste</strong></span> <span class='ocrx_word' id='word_1_249' title='bbox 590 1973 757 2045; x_wconf 81' lang='lat' dir='ltr'><strong>concipient.</strong></span> <span class='ocrx_word' id='word_1_250' title='bbox 788 1973 898 2030; x_wconf 84' lang='lat' dir='ltr'><strong>Deinde</strong></span> <span class='ocrx_word' id='word_1_251' title='bbox 913 1972 962 2046; x_wconf 81' lang='lat' dir='ltr'><strong>qui</strong></span> <span class='ocrx_word' id='word_1_252' title='bbox 1014 1968 1279 2041; x_wconf 85' lang='lat' dir='ltr'><strong>latialemporeab</strong></span> <span class='ocrx_word' id='word_1_253' title='bbox 1295 1969 1400 2028; x_wconf 87' lang='lat' dir='ltr'><strong>iisdem</strong></span> <span class='ocrx_word' id='word_1_254' title='bbox 1415 1969 1560 2038; x_wconf 83' lang='lat' dir='ltr'><strong>invocata,</strong></span> <span class='ocrx_word' id='word_1_255' title='bbox 1582 1971 1697 2046; x_wconf 86' lang='lat' dir='ltr'><strong>pluvias</strong></span> <span class='ocrx_word' id='word_1_256' title='bbox 1718 1973 1839 2048; x_wconf 89' lang='lat' dir='ltr'><strong>pollice·</strong></span> 
     </span>
     <span class='ocr_line' id='line_1_25' title="bbox 134 2057 1839 2135; baseline 0.004 -20"><span class='ocrx_word' id='word_1_257' title='bbox 134 2059 280 2127; x_wconf 70' lang='lat' dir='ltr'><strong>metendo,</strong></span> <span class='ocrx_word' id='word_1_258' title='bbox 292 2059 354 2117; x_wconf 86' lang='lat' dir='ltr'><strong>eive</strong></span> <span class='ocrx_word' id='word_1_259' title='bbox 367 2066 469 2118; x_wconf 88' lang='lat' dir='ltr'><strong>ructus</strong></span> <span class='ocrx_word' id='word_1_260' title='bbox 483 2061 640 2135; x_wconf 84' lang='lat' dir='ltr'><strong>variosque</strong></span> <span class='ocrx_word' id='word_1_261' title='bbox 655 2059 804 2120; x_wconf 86' lang='lat' dir='ltr'><strong>anhelitus</strong></span> <span class='ocrx_word' id='word_1_262' title='bbox 822 2061 961 2134; x_wconf 83' lang='lat' dir='ltr'><strong>efflando,</strong></span> <span class='ocrx_word' id='word_1_263' title='bbox 1015 2057 1112 2127; x_wconf 88' lang='lat' dir='ltr'><strong>batur,</strong></span> <span class='ocrx_word' id='word_1_264' title='bbox 1133 2073 1258 2131; x_wconf 87' lang='lat' dir='ltr'><strong>moxque</strong></span> <span class='ocrx_word' id='word_1_265' title='bbox 1280 2059 1395 2118; x_wconf 84' lang='lat' dir='ltr'><strong>loturae</strong></span> <span class='ocrx_word' id='word_1_266' title='bbox 1423 2061 1609 2134; x_wconf 80' lang='lat' dir='ltr'><strong>predicabat.</strong></span> <span class='ocrx_word' id='word_1_267' title='bbox 1638 2062 1682 2119; x_wconf 85' lang='lat' dir='ltr'><strong>ab</strong></span> <span class='ocrx_word' id='word_1_268' title='bbox 1712 2062 1839 2121; x_wconf 90' lang='lat' dir='ltr'><strong>aliorum</strong></span> 
     </span>
     <span class='ocr_line' id='line_1_26' title="bbox 134 2145 1840 2224; baseline 0.008 -21"><span class='ocrx_word' id='word_1_269' title='bbox 134 2149 658 2224; x_wconf 72' lang='lat' dir='ltr'><strong>cocomariundereoraculu,eaquc</strong></span> <span class='ocrx_word' id='word_1_270' title='bbox 683 2156 825 2220; x_wconf 87' lang='lat' dir='ltr'><strong>eructare,</strong></span> <span class='ocrx_word' id='word_1_271' title='bbox 848 2151 961 2208; x_wconf 87' lang='lat' dir='ltr'><strong>etnrit-</strong></span> <span class='ocrx_word' id='word_1_272' title='bbox 1015 2149 1112 2201; x_wconf 65' lang='lat' dir='ltr'><strong>tillem</strong></span> <span class='ocrx_word' id='word_1_273' title='bbox 1128 2145 1317 2218; x_wconf 88' lang='lat' dir='ltr'><strong>opinionibus</strong></span> <span class='ocrx_word' id='word_1_274' title='bbox 1340 2147 1410 2216; x_wconf 80' lang='lat' dir='ltr'><strong>nso,</strong></span> <span class='ocrx_word' id='word_1_275' title='bbox 1426 2164 1514 2220; x_wconf 90' lang='lat' dir='ltr'><strong>quam</strong></span> <span class='ocrx_word' id='word_1_276' title='bbox 1545 2149 1750 2222; x_wconf 73' lang='lat' dir='ltr'><strong>iit⁰ii⁰nlmu⁸‚</strong></span> <span class='ocrx_word' id='word_1_277' title='bbox 1779 2168 1840 2209; x_wconf 77' lang='lat' dir='ltr'>110ss</span> 
     </span>
     <span class='ocr_line' id='line_1_27' title="bbox 134 2233 1842 2313; baseline 0.002 -19"><span class='ocrx_word' id='word_1_278' title='bbox 134 2241 197 2296; x_wconf 90' lang='lat' dir='ltr'><strong>tere</strong></span> <span class='ocrx_word' id='word_1_279' title='bbox 210 2244 293 2295; x_wconf 86' lang='lat' dir='ltr'><strong>extra</strong></span> <span class='ocrx_word' id='word_1_280' title='bbox 307 2243 409 2311; x_wconf 88' lang='lat' dir='ltr'><strong>pectus</strong></span> <span class='ocrx_word' id='word_1_281' title='bbox 424 2239 608 2296; x_wconf 70' lang='lat' dir='ltr'><strong>saumario</strong></span> <span class='ocrx_word' id='word_1_282' title='bbox 623 2240 838 2313; x_wconf 83' lang='lat' dir='ltr'><strong>exemplaribus</strong></span> <span class='ocrx_word' id='word_1_283' title='bbox 852 2241 961 2298; x_wconf 78' lang='lat' dir='ltr'><strong>nostris</strong></span> <span class='ocrx_word' id='word_1_284' title='bbox 1016 2234 1087 2290; x_wconf 89' lang='lat' dir='ltr'><strong>adeo</strong></span> <span class='ocrx_word' id='word_1_285' title='bbox 1101 2233 1206 2291; x_wconf 87' lang='lat' dir='ltr'><strong>dissita</strong></span> <span class='ocrx_word' id='word_1_286' title='bbox 1220 2237 1275 2303; x_wconf 90' lang='lat' dir='ltr'><strong>est,</strong></span> <span class='ocrx_word' id='word_1_287' title='bbox 1292 2235 1363 2308; x_wconf 90' lang='lat' dir='ltr'><strong>quin</strong></span> <span class='ocrx_word' id='word_1_288' title='bbox 1380 2236 1452 2309; x_wconf 89' lang='lat' dir='ltr'><strong>ipsis</strong></span> <span class='ocrx_word' id='word_1_289' title='bbox 1474 2253 1532 2294; x_wconf 92' lang='lat' dir='ltr'><strong>non</strong></span> <span class='ocrx_word' id='word_1_290' title='bbox 1548 2238 1643 2310; x_wconf 90' lang='lat' dir='ltr'><strong>possit</strong></span> <span class='ocrx_word' id='word_1_291' title='bbox 1657 2239 1842 2297; x_wconf 88' lang='lat' dir='ltr'><strong>reconciliari</strong></span> 
     </span>
     <span class='ocr_line' id='line_1_28' title="bbox 136 2320 1842 2402; baseline 0.001 -19"><span class='ocrx_word' id='word_1_292' title='bbox 136 2327 358 2400; x_wconf 85' lang='lat' dir='ltr'><strong>manuscriptis,</strong></span> <span class='ocrx_word' id='word_1_293' title='bbox 375 2332 404 2384; x_wconf 88' lang='lat' dir='ltr'><strong>et</strong></span> <span class='ocrx_word' id='word_1_294' title='bbox 418 2327 507 2384; x_wconf 84' lang='lat' dir='ltr'><strong>editis</strong></span> <span class='ocrx_word' id='word_1_295' title='bbox 522 2328 739 2402; x_wconf 82' lang='lat' dir='ltr'><strong>antiquioribus</strong></span> <span class='ocrx_word' id='word_1_296' title='bbox 755 2346 806 2402; x_wconf 92' lang='lat' dir='ltr'><strong>pro</strong></span> <span class='ocrx_word' id='word_1_297' title='bbox 827 2333 963 2387; x_wconf 86' lang='lat' dir='ltr'><strong>conentur</strong></span> <span class='ocrx_word' id='word_1_298' title='bbox 1016 2324 1089 2377; x_wconf 68' lang='lat' dir='ltr'><strong>Nam</strong></span> <span class='ocrx_word' id='word_1_299' title='bbox 1119 2321 1174 2377; x_wconf 66' lang='lat' dir='ltr'><strong>det</strong></span> <span class='ocrx_word' id='word_1_300' title='bbox 1201 2320 1252 2378; x_wconf 73' lang='lat' dir='ltr'><strong>illa</strong></span> <span class='ocrx_word' id='word_1_301' title='bbox 1281 2339 1332 2395; x_wconf 78' lang='lat' dir='ltr'><strong>pro</strong></span> <span class='ocrx_word' id='word_1_302' title='bbox 1361 2323 1493 2381; x_wconf 79' lang='lat' dir='ltr'><strong>locorum</strong></span> <span class='ocrx_word' id='word_1_303' title='bbox 1521 2325 1689 2384; x_wconf 79' lang='lat' dir='ltr'><strong>diversitate</strong></span> <span class='ocrx_word' id='word_1_304' title='bbox 1716 2327 1842 2386; x_wconf 83' lang='lat' dir='ltr'><strong>diversis</strong></span> 
     </span>
     <span class='ocr_line' id='line_1_29' title="bbox 134 2409 1840 2491; baseline 0.002 -19"><span class='ocrx_word' id='word_1_305' title='bbox 134 2416 348 2490; x_wconf 86' lang='lat' dir='ltr'><strong>scriptumest</strong></span> <span class='ocrx_word' id='word_1_306' title='bbox 374 2425 507 2474; x_wconf 77' lang='lat' dir='ltr'><strong>narentur</strong></span> <span class='ocrx_word' id='word_1_307' title='bbox 527 2417 658 2490; x_wconf 90' lang='lat' dir='ltr'><strong>(Tertuli.</strong></span> <span class='ocrx_word' id='word_1_308' title='bbox 684 2418 734 2475; x_wconf 89' lang='lat' dir='ltr'><strong>loc.</strong></span> <span class='ocrx_word' id='word_1_309' title='bbox 758 2422 806 2476; x_wconf 82' lang='lat' dir='ltr'><strong>eit.</strong></span> <span class='ocrx_word' id='word_1_310' title='bbox 829 2422 850 2488; x_wconf 91' lang='grc'><strong>).</strong></span> <span class='ocrx_word' id='word_1_311' title='bbox 872 2420 961 2491; x_wconf 78' lang='lat' dir='ltr'><strong>cujus</strong></span> <span class='ocrx_word' id='word_1_312' title='bbox 1015 2409 1173 2468; x_wconf 85' lang='lat' dir='ltr'><strong>vocabatur</strong></span> <span class='ocrx_word' id='word_1_313' title='bbox 1188 2411 1367 2469; x_wconf 85' lang='lat' dir='ltr'><strong>nominibus.</strong></span> <span class='ocrx_word' id='word_1_314' title='bbox 1394 2413 1511 2470; x_wconf 86' lang='lat' dir='ltr'><strong>Testem</strong></span> <span class='ocrx_word' id='word_1_315' title='bbox 1540 2415 1566 2471; x_wconf 92' lang='lat' dir='ltr'><strong>si</strong></span> <span class='ocrx_word' id='word_1_316' title='bbox 1591 2415 1752 2486; x_wconf 80' lang='lat' dir='ltr'><strong>derideres,</strong></span> <span class='ocrx_word' id='word_1_317' title='bbox 1770 2432 1840 2475; x_wconf 88' lang='lat' dir='ltr'><strong>eece</strong></span> 
     </span>
     <span class='ocr_line' id='line_1_30' title="bbox 134 2498 1841 2578; baseline 0.008 -17"><span class='ocrx_word' id='word_1_318' title='bbox 134 2521 244 2562; x_wconf 87' lang='lat' dir='ltr'><strong>sensus</strong></span> <span class='ocrx_word' id='word_1_319' title='bbox 264 2502 330 2564; x_wconf 83' lang='lat' dir='ltr'><strong>esse&#39;</strong></span> <span class='ocrx_word' id='word_1_320' title='bbox 349 2510 469 2578; x_wconf 87' lang='lat' dir='ltr'><strong>poteet;</strong></span> <span class='ocrx_word' id='word_1_321' title='bbox 495 2506 641 2578; x_wconf 81' lang='lat' dir='ltr'><strong>ructando,</strong></span> <span class='ocrx_word' id='word_1_322' title='bbox 657 2514 685 2564; x_wconf 86' lang='lat' dir='ltr'><strong>et</strong></span> <span class='ocrx_word' id='word_1_323' title='bbox 707 2506 857 2564; x_wconf 84' lang='lat' dir='ltr'><strong>oraculum</strong></span> <span class='ocrx_word' id='word_1_324' title='bbox 874 2507 962 2566; x_wconf 90' lang='lat' dir='ltr'><strong>emit·</strong></span> <span class='ocrx_word' id='word_1_325' title='bbox 1015 2498 1205 2556; x_wconf 69' lang='lat' dir='ltr'><strong>Ambffltlssffl</strong></span> <span class='ocrx_word' id='word_1_326' title='bbox 1222 2500 1252 2556; x_wconf 76' lang='lat' dir='ltr'><strong>id</strong></span> <span class='ocrx_word' id='word_1_327' title='bbox 1265 2505 1469 2559; x_wconf 88' lang='lat' dir='ltr'><strong>asserentem:</strong></span> <span class='ocrx_word' id='word_1_328' title='bbox 1492 2503 1612 2569; x_wconf 58' lang='lat' dir='ltr'><strong>‘Quam</strong></span> <span class='ocrx_word' id='word_1_329' title='bbox 1627 2503 1841 2574; x_wconf 68' lang='lat' dir='ltr'><strong>coronemin-</strong></span> 
     </span>
     <span class='ocr_line' id='line_1_31' title="bbox 132 2588 1842 2667; baseline 0.005 -17"><span class='ocrx_word' id='word_1_330' title='bbox 132 2594 235 2661; x_wconf 91' lang='lat' dir='ltr'><strong>tcndo,</strong></span> <span class='ocrx_word' id='word_1_331' title='bbox 251 2595 388 2650; x_wconf 84' lang='lat' dir='ltr'><strong>teruntur</strong></span> <span class='ocrx_word' id='word_1_332' title='bbox 403 2593 502 2652; x_wconf 86' lang='lat' dir='ltr'><strong>labore</strong></span> <span class='ocrx_word' id='word_1_333' title='bbox 522 2611 576 2652; x_wconf 91' lang='lat' dir='ltr'><strong>auo</strong></span> <span class='ocrx_word' id='word_1_334' title='bbox 591 2598 620 2652; x_wconf 91' lang='lat' dir='ltr'><strong>et</strong></span> <span class='ocrx_word' id='word_1_335' title='bbox 639 2595 771 2652; x_wconf 87' lang='lat' dir='ltr'><strong>cruciatu</strong></span> <span class='ocrx_word' id='word_1_336' title='bbox 795 2596 914 2653; x_wconf 88' lang='lat' dir='ltr'><strong>liberari</strong></span> <span class='ocrx_word' id='word_1_337' title='bbox 929 2613 980 2667; x_wconf 78' lang='lat' dir='ltr'><strong>ec¹</strong></span> <span class='ocrx_word' id='word_1_338' title='bbox 1017 2588 1093 2659; x_wconf 64' lang='lat' dir='ltr'><strong>(lull.</strong></span> <span class='ocrx_word' id='word_1_339' title='bbox 1108 2588 1181 2659; x_wconf 56' lang='lat' dir='ltr'><strong>llll·</strong></span> <span class='ocrx_word' id='word_1_340' title='bbox 1195 2589 1333 2648; x_wconf 67' lang='lat' dir='ltr'><strong>Mllhltm</strong></span> <span class='ocrx_word' id='word_1_341' title='bbox 1354 2591 1459 2659; x_wconf 83' lang='lat' dir='ltr'><strong>Perse,</strong></span> <span class='ocrx_word' id='word_1_342' title='bbox 1474 2591 1608 2666; x_wconf 66' lang='lat' dir='ltr'><strong>Plerique</strong></span> <span class='ocrx_word' id='word_1_343' title='bbox 1636 2593 1778 2653; x_wconf 70' lang='lat' dir='ltr'><strong>Vssnertm</strong></span> <span class='ocrx_word' id='word_1_344' title='bbox 1792 2611 1842 2653; x_wconf 77' lang='grc' dir='ltr'><strong>θο-</strong></span> 
     </span>
    </p>
   </div>
   <div class='ocr_carea' id='block_1_9' title="bbox 134 2676 1959 2756">
    <p class='ocr_par' dir='ltr' id='par_1_10' title="bbox 134 2676 1959 2756">
     <span class='ocr_line' id='line_1_32' title="bbox 134 2676 1959 2756; baseline 0.002 -18"><span class='ocrx_word' id='word_1_345' title='bbox 134 2683 245 2740; x_wconf 89' lang='lat' dir='ltr'><strong>curari.</strong></span> <span class='ocrx_word' id='word_1_346' title='bbox 258 2682 314 2739; x_wconf 90' lang='lat' dir='ltr'><strong>Sed</strong></span> <span class='ocrx_word' id='word_1_347' title='bbox 330 2683 425 2755; x_wconf 88' lang='lat' dir='ltr'><strong>potior</strong></span> <span class='ocrx_word' id='word_1_348' title='bbox 439 2682 554 2740; x_wconf 81' lang='lat' dir='ltr'><strong>uidetur</strong></span> <span class='ocrx_word' id='word_1_349' title='bbox 569 2683 660 2740; x_wconf 86' lang='lat' dir='ltr'><strong>altera</strong></span> <span class='ocrx_word' id='word_1_350' title='bbox 674 2683 812 2742; x_wconf 86' lang='lat' dir='ltr'><strong>lectio.l)e</strong></span> <span class='ocrx_word' id='word_1_351' title='bbox 826 2685 873 2742; x_wconf 85' lang='lat' dir='ltr'><strong>bia</strong></span> <span class='ocrx_word' id='word_1_352' title='bbox 884 2684 962 2742; x_wconf 90' lang='lat' dir='ltr'><strong>enim</strong></span> <span class='ocrx_word' id='word_1_353' title='bbox 1017 2676 1093 2749; x_wconf 77' lang='lat' dir='ltr'><strong>luni,</strong></span> <span class='ocrx_word' id='word_1_354' title='bbox 1112 2694 1165 2749; x_wconf 78' lang='lat' dir='ltr'><strong>pro</strong></span> <span class='ocrx_word' id='word_1_355' title='bbox 1190 2678 1358 2738; x_wconf 73' lang='lat' dir='ltr'><strong>diversitate</strong></span> <span class='ocrx_word' id='word_1_356' title='bbox 1382 2679 1522 2754; x_wconf 78' lang='lat' dir='ltr'><strong>nominis,</strong></span> <span class='ocrx_word' id='word_1_357' title='bbox 1551 2699 1609 2740; x_wconf 89' lang='lat' dir='ltr'><strong>non</strong></span> <span class='ocrx_word' id='word_1_358' title='bbox 1630 2699 1684 2756; x_wconf 91' lang='lat' dir='ltr'><strong>pro</strong></span> <span class='ocrx_word' id='word_1_359' title='bbox 1708 2683 1842 2741; x_wconf 86' lang='lat' dir='ltr'><strong>numinis</strong></span> <span class='ocrx_word' id='word_1_360' title='bbox 1956 2721 1959 2728; x_wconf 88' lang='lat'>·</span> 
     </span>
    </p>
   </div>
   <div class='ocr_carea' id='block_1_10' title="bbox 133 2766 1840 2934">
    <p class='ocr_par' dir='ltr' id='par_1_11' title="bbox 133 2766 1840 2934">
     <span class='ocr_line' id='line_1_33' title="bbox 135 2766 1840 2846; baseline 0.001 -18"><span class='ocrx_word' id='word_1_361' title='bbox 135 2770 384 2828; x_wconf 89' lang='lat' dir='ltr'><strong>adhuotortiset</strong></span> <span class='ocrx_word' id='word_1_362' title='bbox 403 2770 609 2830; x_wconf 86' lang='lat' dir='ltr'><strong>laborantibus</strong></span> <span class='ocrx_word' id='word_1_363' title='bbox 637 2777 739 2829; x_wconf 85' lang='lat' dir='ltr'><strong>auctor</strong></span> <span class='ocrx_word' id='word_1_364' title='bbox 761 2779 859 2830; x_wconf 91' lang='lat' dir='ltr'><strong>noster</strong></span> <span class='ocrx_word' id='word_1_365' title='bbox 880 2773 963 2846; x_wconf 91' lang='lat' dir='ltr'><strong>loqui</strong></span> <span class='ocrx_word' id='word_1_366' title='bbox 1017 2766 1156 2825; x_wconf 65' lang='lat' dir='ltr'><strong>verietate</strong></span> <span class='ocrx_word' id='word_1_367' title='bbox 1180 2789 1195 2819; x_wconf 80' lang='lat'><strong>&gt;³</strong></span> <span class='ocrx_word' id='word_1_368' title='bbox 1224 2769 1371 2842; x_wconf 80' lang='lat' dir='ltr'><strong>(Ambros.</strong></span> <span class='ocrx_word' id='word_1_369' title='bbox 1398 2770 1485 2843; x_wconf 83' lang='lat' dir='ltr'><strong>episi.</strong></span> <span class='ocrx_word' id='word_1_370' title='bbox 1515 2773 1559 2841; x_wconf 88' lang='lat'><strong>18,</strong></span> <span class='ocrx_word' id='word_1_371' title='bbox 1587 2771 1650 2830; x_wconf 81' lang='lat' dir='ltr'><strong>edu.</strong></span> <span class='ocrx_word' id='word_1_372' title='bbox 1680 2772 1840 2846; x_wconf 66' lang='lat' dir='ltr'><strong>sammon.</strong></span> 
     </span>
     <span class='ocr_line' id='line_1_34' title="bbox 133 2855 1262 2934; baseline 0.001 -17"><span class='ocrx_word' id='word_1_373' title='bbox 133 2861 265 2926; x_wconf 86' lang='lat' dir='ltr'><strong>videtur,</strong></span> <span class='ocrx_word' id='word_1_374' title='bbox 281 2861 333 2932; x_wconf 93' lang='lat' dir='ltr'><strong>qui</strong></span> <span class='ocrx_word' id='word_1_375' title='bbox 345 2860 530 2918; x_wconf 87' lang='lat' dir='ltr'><strong>continenter</strong></span> <span class='ocrx_word' id='word_1_376' title='bbox 544 2861 652 2934; x_wconf 80' lang='lat' dir='ltr'><strong>adjecit</strong></span> <span class='ocrx_word' id='word_1_377' title='bbox 667 2879 675 2919; x_wconf 76' lang='grc' dir='ltr'><strong><em>ε</em></strong></span> <span class='ocrx_word' id='word_1_378' title='bbox 692 2885 706 2912; x_wconf 83' lang='lat' dir='ltr'><strong>u</strong></span> <span class='ocrx_word' id='word_1_379' title='bbox 722 2861 777 2929; x_wconf 83' lang='lat' dir='ltr'><strong>Qui</strong></span> <span class='ocrx_word' id='word_1_380' title='bbox 797 2862 963 2920; x_wconf 86' lang='lat' dir='ltr'><strong>anhelando</strong></span> <span class='ocrx_word' id='word_1_381' title='bbox 1017 2855 1090 2925; x_wconf 85' lang='lat'><strong>§30,</strong></span> <span class='ocrx_word' id='word_1_382' title='bbox 1107 2872 1173 2929; x_wconf 72' lang='lat' dir='ltr'><strong>pag·</strong></span> <span class='ocrx_word' id='word_1_383' title='bbox 1187 2857 1262 2930; x_wconf 74' lang='lat'>840).</span> 
     </span>
    </p>
   </div>
   <div class='ocr_carea' id='block_1_11' title="bbox 135 2951 1843 3131">
    <p class='ocr_par' dir='ltr' id='par_1_12' title="bbox 135 2951 1843 3131">
     <span class='ocr_line' id='line_1_35' title="bbox 135 2951 1841 3040; baseline 0.008 -34"><span class='ocrx_word' id='word_1_384' title='bbox 135 2951 455 3024; x_wconf 80' lang='lat' dir='ltr'><strong>profantur»(1bid.);</strong></span> <span class='ocrx_word' id='word_1_385' title='bbox 485 2951 681 3025; x_wconf 87' lang='lat' dir='ltr'><strong>manuscripti</strong></span> <span class='ocrx_word' id='word_1_386' title='bbox 704 2956 734 3008; x_wconf 91' lang='lat' dir='ltr'><strong>et</strong></span> <span class='ocrx_word' id='word_1_387' title='bbox 754 2951 804 3009; x_wconf 89' lang='lat' dir='ltr'><strong>alii</strong></span> <span class='ocrx_word' id='word_1_388' title='bbox 828 2957 895 3010; x_wconf 89' lang='lat' dir='ltr'><strong>cute</strong></span> <span class='ocrx_word' id='word_1_389' title='bbox 918 2953 964 3010; x_wconf 87' lang='lat' dir='ltr'><strong>Ri·</strong></span> <span class='ocrx_word' id='word_1_390' title='bbox 1052 2963 1170 3018; x_wconf 73' lang='lat' dir='ltr'><strong>Transit</strong></span> <span class='ocrx_word' id='word_1_391' title='bbox 1184 2963 1253 3020; x_wconf 74' lang='lat' dir='ltr'><strong>inde</strong></span> <span class='ocrx_word' id='word_1_392' title='bbox 1267 2970 1370 3022; x_wconf 70' lang='lat' dir='ltr'><strong>auctor</strong></span> <span class='ocrx_word' id='word_1_393' title='bbox 1384 2967 1419 3022; x_wconf 72' lang='lat' dir='ltr'><strong>ad</strong></span> <span class='ocrx_word' id='word_1_394' title='bbox 1444 2966 1654 3040; x_wconf 56' lang='lat' dir='ltr'><strong>inacceptum,</strong></span> <span class='ocrx_word' id='word_1_395' title='bbox 1678 2968 1728 3040; x_wconf 82' lang='lat' dir='ltr'><strong>qui</strong></span> <span class='ocrx_word' id='word_1_396' title='bbox 1744 2969 1781 3025; x_wconf 77' lang='lat' dir='ltr'><strong>ab</strong></span> <span class='ocrx_word' id='word_1_397' title='bbox 1807 2985 1841 3028; x_wconf 82' lang='lat' dir='ltr'><strong>eo</strong></span> 
     </span>
     <span class='ocr_line' id='line_1_36' title="bbox 135 3039 1843 3131; baseline 0.007 -36"><span class='ocrx_word' id='word_1_398' title='bbox 135 3039 353 3113; x_wconf 81' lang='lat' dir='ltr'><strong>gaitiitempus</strong></span> <span class='ocrx_word' id='word_1_399' title='bbox 377 3039 446 3096; x_wconf 92' lang='lat' dir='ltr'><strong>editi</strong></span> <span class='ocrx_word' id='word_1_400' title='bbox 471 3041 641 3114; x_wconf 73' lang='lat' dir='ltr'><strong>preferatur,</strong></span> <span class='ocrx_word' id='word_1_401' title='bbox 664 3041 715 3097; x_wconf 88' lang='lat' dir='ltr'><strong>sed</strong></span> <span class='ocrx_word' id='word_1_402' title='bbox 733 3041 811 3097; x_wconf 89' lang='lat' dir='ltr'><strong>baud</strong></span> <span class='ocrx_word' id='word_1_403' title='bbox 835 3040 962 3097; x_wconf 71' lang='lat' dir='ltr'><strong>inultum</strong></span> <span class='ocrx_word' id='word_1_404' title='bbox 1016 3057 1135 3108; x_wconf 61' lang='lat' dir='ltr'><strong>vocatur</strong></span> <span class='ocrx_word' id='word_1_405' title='bbox 1161 3052 1365 3110; x_wconf 65' lang='lat' dir='ltr'><strong>medicinarum</strong></span> <span class='ocrx_word' id='word_1_406' title='bbox 1388 3054 1656 3120; x_wconf 55' lang='lat' dir='ltr'><strong>demonstrationes</strong></span> <span class='ocrx_word' id='word_1_407' title='bbox 1681 3057 1764 3127; x_wconf 73' lang='lat' dir='ltr'><strong>alibi,</strong></span> <span class='ocrx_word' id='word_1_408' title='bbox 1794 3059 1843 3131; x_wconf 73' lang='lat' dir='ltr'><strong>qai</strong></span> 
     </span>
    </p>
   </div>
   <div class='ocr_carea' id='block_1_12' title="bbox 133 3128 1845 3484">
    <p class='ocr_par' dir='ltr' id='par_1_13' title="bbox 133 3128 1845 3484">
     <span class='ocr_line' id='line_1_37' title="bbox 135 3128 1842 3220; baseline 0.009 -33"><span class='ocrx_word' id='word_1_409' title='bbox 135 3128 267 3187; x_wconf 82' lang='lat' dir='ltr'><strong>absimili</strong></span> <span class='ocrx_word' id='word_1_410' title='bbox 284 3128 461 3204; x_wconf 83' lang='lat' dir='ltr'><strong>significatu.</strong></span> <span class='ocrx_word' id='word_1_411' title='bbox 478 3135 514 3186; x_wconf 84' lang='lat' dir='ltr'><strong>At</strong></span> <span class='ocrx_word' id='word_1_412' title='bbox 528 3130 607 3186; x_wconf 89' lang='lat' dir='ltr'><strong>anim</strong></span> <span class='ocrx_word' id='word_1_413' title='bbox 623 3134 687 3185; x_wconf 91' lang='lat' dir='ltr'><strong>ium</strong></span> <span class='ocrx_word' id='word_1_414' title='bbox 698 3145 733 3185; x_wconf 87' lang='lat' dir='ltr'><strong>ex</strong></span> <span class='ocrx_word' id='word_1_415' title='bbox 752 3128 822 3199; x_wconf 89' lang='lat' dir='ltr'><strong>iliis,</strong></span> <span class='ocrx_word' id='word_1_416' title='bbox 836 3130 914 3188; x_wconf 86' lang='lat' dir='ltr'><strong>sicut</strong></span> <span class='ocrx_word' id='word_1_417' title='bbox 928 3147 963 3188; x_wconf 83' lang='lat' dir='ltr'><strong>ex</strong></span> <span class='ocrx_word' id='word_1_418' title='bbox 1017 3141 1122 3212; x_wconf 87' lang='lat' dir='ltr'><strong>primos</strong></span> <span class='ocrx_word' id='word_1_419' title='bbox 1144 3140 1269 3198; x_wconf 81' lang='lat' dir='ltr'><strong>medelas</strong></span> <span class='ocrx_word' id='word_1_420' title='bbox 1283 3142 1470 3214; x_wconf 73' lang='lat' dir='ltr'><strong>exploraverit</strong></span> <span class='ocrx_word' id='word_1_421' title='bbox 1484 3144 1675 3213; x_wconf 81' lang='lat' dir='ltr'><strong>tTertulliani.</strong></span> <span class='ocrx_word' id='word_1_422' title='bbox 1703 3147 1842 3220; x_wconf 79' lang='lat' dir='ltr'><strong>Apotoqet.</strong></span> 
     </span>
     <span class='ocr_line' id='line_1_38' title="bbox 138 3203 1844 3307; baseline 0 -33"><span class='ocrx_word' id='word_1_423' title='bbox 138 3217 265 3291; x_wconf 79' lang='lat' dir='ltr'><strong>Virgilio</strong></span> <span class='ocrx_word' id='word_1_424' title='bbox 280 3224 309 3275; x_wconf 89' lang='lat' dir='ltr'><strong>et</strong></span> <span class='ocrx_word' id='word_1_425' title='bbox 320 3218 386 3276; x_wconf 90' lang='lat' dir='ltr'><strong>aliis</strong></span> <span class='ocrx_word' id='word_1_426' title='bbox 407 3217 585 3287; x_wconf 86' lang='lat' dir='ltr'><strong>audivimus,</strong></span> <span class='ocrx_word' id='word_1_427' title='bbox 610 3220 706 3276; x_wconf 87' lang='lat' dir='ltr'><strong>excuti</strong></span> <span class='ocrx_word' id='word_1_428' title='bbox 735 3220 835 3287; x_wconf 89' lang='lat' dir='ltr'><strong>deum,</strong></span> <span class='ocrx_word' id='word_1_429' title='bbox 855 3203 999 3292; x_wconf 80' lang='lat' dir='ltr'><strong>eosquoll</strong></span> <span class='ocrx_word' id='word_1_430' title='bbox 1019 3243 1083 3301; x_wconf 60' lang='lat' dir='ltr'><strong>cap,</strong></span> <span class='ocrx_word' id='word_1_431' title='bbox 1099 3229 1145 3299; x_wconf 73' lang='lat'><strong>23,</strong></span> <span class='ocrx_word' id='word_1_432' title='bbox 1161 3245 1227 3302; x_wconf 55' lang='lat' dir='ltr'><strong>pag,</strong></span> <span class='ocrx_word' id='word_1_433' title='bbox 1244 3231 1308 3296; x_wconf 60' lang='lat'><strong>418,</strong></span> <span class='ocrx_word' id='word_1_434' title='bbox 1326 3235 1354 3286; x_wconf 60' lang='lat' dir='ltr'><strong>st</strong></span> <span class='ocrx_word' id='word_1_435' title='bbox 1370 3231 1420 3288; x_wconf 65' lang='lat' dir='ltr'><strong>ph,</strong></span> <span class='ocrx_word' id='word_1_436' title='bbox 1440 3232 1473 3288; x_wconf 59' lang='grc' dir='ltr'><strong>α,</strong></span> <span class='ocrx_word' id='word_1_437' title='bbox 1488 3231 1585 3290; x_wconf 62' lang='lat' dir='ltr'><strong>Com,</strong></span> <span class='ocrx_word' id='word_1_438' title='bbox 1610 3249 1674 3307; x_wconf 71' lang='lat'>⁰³1³·</span> <span class='ocrx_word' id='word_1_439' title='bbox 1698 3235 1727 3301; x_wconf 64' lang='lat'><strong>3⁸</strong></span> <span class='ocrx_word' id='word_1_440' title='bbox 1742 3239 1815 3292; x_wconf 55' lang='lat' dir='ltr'><strong>tom,</strong></span> <span class='ocrx_word' id='word_1_441' title='bbox 1832 3235 1844 3292; x_wconf 87' lang='lat'>1</span> 
     </span>
     <span class='ocr_line' id='line_1_39' title="bbox 138 3307 1844 3396; baseline 0.002 -32"><span class='ocrx_word' id='word_1_442' title='bbox 138 3309 188 3364; x_wconf 88' lang='lat' dir='ltr'><strong>dei</strong></span> <span class='ocrx_word' id='word_1_443' title='bbox 206 3307 334 3380; x_wconf 85' lang='lat' dir='ltr'><strong>aiicujus</strong></span> <span class='ocrx_word' id='word_1_444' title='bbox 349 3307 491 3366; x_wconf 89' lang='lat' dir='ltr'><strong>instinctu</strong></span> <span class='ocrx_word' id='word_1_445' title='bbox 507 3308 631 3365; x_wconf 84' lang='lat' dir='ltr'><strong>tundere</strong></span> <span class='ocrx_word' id='word_1_446' title='bbox 646 3307 776 3366; x_wconf 90' lang='lat' dir='ltr'><strong>oracula.</strong></span> <span class='ocrx_word' id='word_1_447' title='bbox 792 3313 829 3366; x_wconf 83' lang='lat' dir='ltr'><strong>at</strong></span> <span class='ocrx_word' id='word_1_448' title='bbox 843 3307 892 3366; x_wconf 89' lang='lat' dir='ltr'><strong>ille</strong></span> <span class='ocrx_word' id='word_1_449' title='bbox 907 3307 967 3365; x_wconf 81' lang='lat' dir='ltr'><strong>hec</strong></span> <span class='ocrx_word' id='word_1_450' title='bbox 1020 3317 1152 3388; x_wconf 76' lang='lat' dir='ltr'><strong>Apparet.</strong></span> <span class='ocrx_word' id='word_1_451' title='bbox 1169 3333 1234 3391; x_wconf 78' lang='lat' dir='ltr'><strong>pag.</strong></span> <span class='ocrx_word' id='word_1_452' title='bbox 1249 3319 1342 3392; x_wconf 84' lang='lat'><strong>1192).</strong></span> <span class='ocrx_word' id='word_1_453' title='bbox 1356 3319 1415 3377; x_wconf 85' lang='lat' dir='ltr'><strong>Nos</strong></span> <span class='ocrx_word' id='word_1_454' title='bbox 1429 3337 1497 3378; x_wconf 84' lang='lat' dir='ltr'><strong>vero</strong></span> <span class='ocrx_word' id='word_1_455' title='bbox 1522 3324 1551 3378; x_wconf 91' lang='lat' dir='ltr'><strong>io</strong></span> <span class='ocrx_word' id='word_1_456' title='bbox 1573 3321 1776 3396; x_wconf 73' lang='lat' dir='ltr'><strong>superioribus</strong></span> <span class='ocrx_word' id='word_1_457' title='bbox 1792 3339 1844 3380; x_wconf 91' lang='lat' dir='ltr'><strong>no·</strong></span> 
     </span>
     <span class='ocr_line' id='line_1_40' title="bbox 133 3397 1845 3484; baseline 0.005 -23"><span class='ocrx_word' id='word_1_458' title='bbox 133 3397 238 3474; x_wconf 73' lang='lat' dir='ltr'><strong>omnic</strong></span> <span class='ocrx_word' id='word_1_459' title='bbox 260 3414 318 3456; x_wconf 83' lang='lat'>11011</span> <span class='ocrx_word' id='word_1_460' title='bbox 342 3397 404 3454; x_wconf 70' lang='lat' dir='ltr'><strong>veri</strong></span> <span class='ocrx_word' id='word_1_461' title='bbox 424 3397 476 3454; x_wconf 72' lang='lat' dir='ltr'><strong>Del</strong></span> <span class='ocrx_word' id='word_1_462' title='bbox 497 3415 596 3470; x_wconf 74' lang='lat' dir='ltr'><strong>opera,</strong></span> <span class='ocrx_word' id='word_1_463' title='bbox 620 3398 671 3456; x_wconf 75' lang='lat' dir='ltr'><strong>ted</strong></span> <span class='ocrx_word' id='word_1_464' title='bbox 698 3397 863 3468; x_wconf 67' lang='lat' dir='ltr'><strong>fallacibus,</strong></span> <span class='ocrx_word' id='word_1_465' title='bbox 888 3399 968 3463; x_wconf 76' lang='lat' dir='ltr'><strong>sicut</strong></span> <span class='ocrx_word' id='word_1_466' title='bbox 1020 3408 1091 3463; x_wconf 88' lang='lat' dir='ltr'><strong>stris</strong></span> <span class='ocrx_word' id='word_1_467' title='bbox 1123 3407 1383 3466; x_wconf 76' lang='lat' dir='ltr'><strong>dissertationibus</strong></span> <span class='ocrx_word' id='word_1_468' title='bbox 1407 3410 1592 3468; x_wconf 87' lang='lat' dir='ltr'><strong>ostendimus</strong></span> <span class='ocrx_word' id='word_1_469' title='bbox 1634 3427 1694 3484; x_wconf 90' lang='lat' dir='ltr'><strong>qua</strong></span> <span class='ocrx_word' id='word_1_470' title='bbox 1731 3411 1845 3471; x_wconf 86' lang='lat' dir='ltr'><strong>ratione</strong></span> 
     </span>
    </p>
   </div>
   <div class='ocr_carea' id='block_1_13' title="bbox 132 3485 966 3828">
    <p class='ocr_par' dir='ltr' id='par_1_14' title="bbox 132 3485 966 3828">
     <span class='ocr_line' id='line_1_41' title="bbox 132 3485 965 3560; baseline 0 -16"><span class='ocrx_word' id='word_1_471' title='bbox 132 3488 324 3556; x_wconf 88' lang='lat' dir='ltr'><strong>dictumest,</strong></span> <span class='ocrx_word' id='word_1_472' title='bbox 345 3485 514 3544; x_wconf 66' lang='lat' dir='ltr'><strong>doemonum</strong></span> <span class='ocrx_word' id='word_1_473' title='bbox 539 3485 695 3560; x_wconf 76' lang='lat' dir='ltr'><strong>prestigiis</strong></span> <span class='ocrx_word' id='word_1_474' title='bbox 720 3487 783 3544; x_wconf 86' lang='lat' dir='ltr'><strong>fieri</strong></span> <span class='ocrx_word' id='word_1_475' title='bbox 806 3487 965 3545; x_wconf 89' lang='lat' dir='ltr'><strong>evidentis·</strong></span> 
     </span>
     <span class='ocr_line' id='line_1_42' title="bbox 135 3575 966 3648; baseline 0.001 -16"><span class='ocrx_word' id='word_1_476' title='bbox 135 3575 216 3632; x_wconf 89' lang='lat' dir='ltr'><strong>sima</strong></span> <span class='ocrx_word' id='word_1_477' title='bbox 230 3575 426 3633; x_wconf 87' lang='lat' dir='ltr'><strong>demonstrat.</strong></span> <span class='ocrx_word' id='word_1_478' title='bbox 451 3575 534 3632; x_wconf 81' lang='lat' dir='ltr'><strong>Tunc</strong></span> <span class='ocrx_word' id='word_1_479' title='bbox 548 3575 661 3632; x_wconf 87' lang='lat' dir='ltr'><strong>enimc</strong></span> <span class='ocrx_word' id='word_1_480' title='bbox 687 3575 862 3634; x_wconf 88' lang='lat' dir='ltr'><strong>Christianis</strong></span> <span class='ocrx_word' id='word_1_481' title='bbox 884 3576 966 3648; x_wconf 89' lang='lat' dir='ltr'><strong>adju·</strong></span> 
     </span>
     <span class='ocr_line' id='line_1_43' title="bbox 132 3664 964 3738; baseline 0 -16"><span class='ocrx_word' id='word_1_482' title='bbox 132 3665 205 3737; x_wconf 89' lang='lat' dir='ltr'><strong>rati,</strong></span> <span class='ocrx_word' id='word_1_483' title='bbox 219 3665 256 3720; x_wconf 90' lang='lat' dir='ltr'><strong>ad</strong></span> <span class='ocrx_word' id='word_1_484' title='bbox 270 3664 422 3722; x_wconf 72' lang='lat' dir='ltr'><strong>iamndum</strong></span> <span class='ocrx_word' id='word_1_485' title='bbox 438 3679 469 3721; x_wconf 88' lang='lat' dir='ltr'><strong>se</strong></span> <span class='ocrx_word' id='word_1_486' title='bbox 493 3665 640 3722; x_wconf 81' lang='lat' dir='ltr'><strong>demones</strong></span> <span class='ocrx_word' id='word_1_487' title='bbox 659 3681 725 3722; x_wconf 90' lang='lat' dir='ltr'><strong>esse</strong></span> <span class='ocrx_word' id='word_1_488' title='bbox 748 3665 964 3738; x_wconf 87' lang='lat' dir='ltr'><strong>compelleban-</strong></span> 
     </span>
     <span class='ocr_line' id='line_1_44' title="bbox 134 3753 645 3828; baseline 0.002 -18"><span class='ocrx_word' id='word_1_489' title='bbox 134 3759 199 3828; x_wconf 90' lang='lat' dir='ltr'><strong>tur,</strong></span> <span class='ocrx_word' id='word_1_490' title='bbox 216 3759 249 3812; x_wconf 87' lang='lat' dir='ltr'><strong>ul</strong></span> <span class='ocrx_word' id='word_1_491' title='bbox 263 3760 365 3828; x_wconf 87' lang='lat' dir='ltr'><strong>postes</strong></span> <span class='ocrx_word' id='word_1_492' title='bbox 380 3753 477 3810; x_wconf 84' lang='lat' dir='ltr'><strong>adbuc</strong></span> <span class='ocrx_word' id='word_1_493' title='bbox 489 3754 645 3811; x_wconf 70' lang='lat' dir='ltr'><strong>dicamus:</strong></span> 
     </span>
    </p>
   </div>
   <div class='ocr_carea' id='block_1_14' title="bbox 133 3869 965 4298">
    <p class='ocr_par' dir='ltr' id='par_1_15' title="bbox 133 3869 965 4298">
     <span class='ocr_line' id='line_1_45' title="bbox 171 3869 964 3943; baseline -0.001 -15"><span class='ocrx_word' id='word_1_494' title='bbox 171 3869 326 3943; x_wconf 74' lang='lat' dir='ltr'><strong>Explicatu</strong></span> <span class='ocrx_word' id='word_1_495' title='bbox 351 3885 419 3926; x_wconf 88' lang='lat' dir='ltr'><strong>varo</strong></span> <span class='ocrx_word' id='word_1_496' title='bbox 440 3869 527 3942; x_wconf 80' lang='lat' dir='ltr'><strong>longa</strong></span> <span class='ocrx_word' id='word_1_497' title='bbox 551 3869 716 3927; x_wconf 84' lang='lat' dir='ltr'><strong>difficiliora</strong></span> <span class='ocrx_word' id='word_1_498' title='bbox 739 3873 808 3927; x_wconf 90' lang='lat' dir='ltr'><strong>sunt</strong></span> <span class='ocrx_word' id='word_1_499' title='bbox 832 3885 897 3942; x_wconf 85' lang='lat' dir='ltr'><strong>que</strong></span> <span class='ocrx_word' id='word_1_500' title='bbox 917 3869 964 3927; x_wconf 90' lang='lat' dir='ltr'><strong>bis</strong></span> 
     </span>
     <span class='ocr_line' id='line_1_46' title="bbox 138 3958 965 4033; baseline -0.006 -14"><span class='ocrx_word' id='word_1_501' title='bbox 138 3959 352 4033; x_wconf 88' lang='lat' dir='ltr'><strong>subjiciuntur.</strong></span> <span class='ocrx_word' id='word_1_502' title='bbox 364 3959 435 4027; x_wconf 86' lang='lat' dir='ltr'><strong>Quis</strong></span> <span class='ocrx_word' id='word_1_503' title='bbox 450 3958 529 4015; x_wconf 89' lang='lat' dir='ltr'><strong>enim</strong></span> <span class='ocrx_word' id='word_1_504' title='bbox 542 3958 625 4016; x_wconf 88' lang='lat' dir='ltr'><strong>iacila</strong></span> <span class='ocrx_word' id='word_1_505' title='bbox 639 3959 747 4015; x_wconf 83' lang='lat' dir='ltr'><strong>dixerit</strong></span> <span class='ocrx_word' id='word_1_506' title='bbox 767 3975 900 4031; x_wconf 88' lang='lat' dir='ltr'><strong>queoam</strong></span> <span class='ocrx_word' id='word_1_507' title='bbox 914 3959 965 4015; x_wconf 89' lang='lat' dir='ltr'><strong>illa</strong></span> 
     </span>
     <span class='ocr_line' id='line_1_47' title="bbox 138 4047 965 4120; baseline -0.002 -14"><span class='ocrx_word' id='word_1_508' title='bbox 138 4049 180 4106; x_wconf 91' lang='lat' dir='ltr'><strong>sit</strong></span> <span class='ocrx_word' id='word_1_509' title='bbox 193 4050 274 4120; x_wconf 71' lang='lat' dir='ltr'><strong>vireo</strong></span> <span class='ocrx_word' id='word_1_510' title='bbox 288 4049 404 4106; x_wconf 72' lang='lat' dir='ltr'><strong>eoelmtia</strong></span> <span class='ocrx_word' id='word_1_511' title='bbox 419 4064 482 4119; x_wconf 76' lang='lat' dir='ltr'><strong>quae</strong></span> <span class='ocrx_word' id='word_1_512' title='bbox 496 4048 532 4104; x_wconf 90' lang='lat' dir='ltr'><strong>ab</strong></span> <span class='ocrx_word' id='word_1_513' title='bbox 548 4047 766 4120; x_wconf 83' lang='lat' dir='ltr'><strong>iiloplnciorom</strong></span> <span class='ocrx_word' id='word_1_514' title='bbox 780 4049 965 4120; x_wconf 70' lang='lat' dir='ltr'><strong>pollicitatrix</strong></span> 
     </span>
     <span class='ocr_line' id='line_1_48' title="bbox 133 4135 964 4214; baseline -0.002 -19"><span class='ocrx_word' id='word_1_515' title='bbox 133 4137 305 4214; x_wconf 87' lang='lat' dir='ltr'><strong>appellatur</strong></span> <span class='ocrx_word' id='word_1_516' title='bbox 317 4137 410 4210; x_wconf 83' lang='lat' dir='ltr'><strong>(ibid.)</strong></span> <span class='ocrx_word' id='word_1_517' title='bbox 423 4136 438 4192; x_wconf 84' lang='lat' dir='ltr'><strong>i</strong></span> <span class='ocrx_word' id='word_1_518' title='bbox 450 4135 589 4194; x_wconf 89' lang='lat' dir='ltr'><strong>Nonnulli</strong></span> <span class='ocrx_word' id='word_1_519' title='bbox 610 4136 757 4208; x_wconf 88' lang='lat' dir='ltr'><strong>siquidem</strong></span> <span class='ocrx_word' id='word_1_520' title='bbox 773 4136 849 4192; x_wconf 91' lang='lat' dir='ltr'><strong>bano</strong></span> <span class='ocrx_word' id='word_1_521' title='bbox 871 4136 964 4194; x_wconf 90' lang='lat' dir='ltr'><strong>luno·</strong></span> 
     </span>
     <span class='ocr_line' id='line_1_49' title="bbox 133 4224 963 4298; baseline -0.002 -14"><span class='ocrx_word' id='word_1_522' title='bbox 133 4245 219 4294; x_wconf 88' lang='lat' dir='ltr'><strong>nem,</strong></span> <span class='ocrx_word' id='word_1_523' title='bbox 235 4226 285 4284; x_wconf 85' lang='lat' dir='ltr'><strong>alii</strong></span> <span class='ocrx_word' id='word_1_524' title='bbox 310 4226 480 4298; x_wconf 79' lang='lat' dir='ltr'><strong>Fortunam,</strong></span> <span class='ocrx_word' id='word_1_525' title='bbox 506 4225 555 4282; x_wconf 91' lang='lat' dir='ltr'><strong>elil</strong></span> <span class='ocrx_word' id='word_1_526' title='bbox 569 4225 714 4293; x_wconf 85' lang='lat' dir='ltr'><strong>Cererem,</strong></span> <span class='ocrx_word' id='word_1_527' title='bbox 739 4224 790 4282; x_wconf 90' lang='lat' dir='ltr'><strong>alii</strong></span> <span class='ocrx_word' id='word_1_528' title='bbox 814 4224 963 4292; x_wconf 89' lang='lat' dir='ltr'><strong>Uranism,</strong></span> 
     </span>
    </p>
   </div>
   <div class='ocr_carea' id='block_1_15' title="bbox 1017 3495 1845 4278">
    <p class='ocr_par' dir='ltr' id='par_1_16' title="bbox 1017 3495 1845 4278">
     <span class='ocr_line' id='line_1_50' title="bbox 1019 3495 1845 3559; baseline 0.007 -7"><span class='ocrx_word' id='word_1_529' title='bbox 1019 3495 1129 3552; x_wconf 87' lang='lat' dir='ltr'><strong>ethnici</strong></span> <span class='ocrx_word' id='word_1_530' title='bbox 1144 3496 1295 3553; x_wconf 84' lang='lat' dir='ltr'><strong>medicine</strong></span> <span class='ocrx_word' id='word_1_531' title='bbox 1305 3497 1502 3556; x_wconf 84' lang='lat' dir='ltr'><strong>inventionem</strong></span> <span class='ocrx_word' id='word_1_532' title='bbox 1512 3498 1555 3554; x_wconf 92' lang='lat' dir='ltr'><strong>illi</strong></span> <span class='ocrx_word' id='word_1_533' title='bbox 1569 3499 1845 3559; x_wconf 75' lang='lat' dir='ltr'><strong>adscribebantfled</strong></span> 
     </span>
     <span class='ocr_line' id='line_1_51' title="bbox 1020 3583 1844 3663; baseline 0.01 -23"><span class='ocrx_word' id='word_1_534' title='bbox 1020 3600 1079 3657; x_wconf 91' lang='lat' dir='ltr'><strong>quo</strong></span> <span class='ocrx_word' id='word_1_535' title='bbox 1101 3585 1130 3641; x_wconf 91' lang='lat' dir='ltr'><strong>id</strong></span> <span class='ocrx_word' id='word_1_536' title='bbox 1155 3583 1276 3652; x_wconf 84' lang='lat' dir='ltr'><strong>clarius,</strong></span> <span class='ocrx_word' id='word_1_537' title='bbox 1300 3602 1335 3643; x_wconf 89' lang='lat' dir='ltr'><strong>eo</strong></span> <span class='ocrx_word' id='word_1_538' title='bbox 1362 3602 1434 3643; x_wconf 90' lang='lat' dir='ltr'><strong>sane</strong></span> <span class='ocrx_word' id='word_1_539' title='bbox 1464 3590 1606 3660; x_wconf 74' lang='lat' dir='ltr'><strong>majorem</strong></span> <span class='ocrx_word' id='word_1_540' title='bbox 1633 3589 1844 3663; x_wconf 86' lang='lat' dir='ltr'><strong>subsequentia</strong></span> 
     </span>
     <span class='ocr_line' id='line_1_52' title="bbox 1019 3673 1840 3752; baseline 0.01 -23"><span class='ocrx_word' id='word_1_541' title='bbox 1019 3675 1083 3744; x_wconf 79' lang='lat' dir='ltr'><strong>eJus</strong></span> <span class='ocrx_word' id='word_1_542' title='bbox 1097 3673 1186 3730; x_wconf 84' lang='lat' dir='ltr'><strong>verba</strong></span> <span class='ocrx_word' id='word_1_543' title='bbox 1208 3673 1319 3730; x_wconf 86' lang='lat' dir='ltr'><strong>habent</strong></span> <span class='ocrx_word' id='word_1_544' title='bbox 1339 3675 1546 3734; x_wconf 87' lang='lat' dir='ltr'><strong>obscuritatem</strong></span> <span class='ocrx_word' id='word_1_545' title='bbox 1564 3695 1598 3734; x_wconf 79' lang='lat' dir='ltr'><strong>:a</strong></span> <span class='ocrx_word' id='word_1_546' title='bbox 1624 3677 1690 3734; x_wconf 81' lang='lat' dir='ltr'><strong>niis</strong></span> <span class='ocrx_word' id='word_1_547' title='bbox 1713 3679 1771 3746; x_wconf 91' lang='lat' dir='ltr'><strong>die,</strong></span> <span class='ocrx_word' id='word_1_548' title='bbox 1788 3679 1840 3752; x_wconf 87' lang='lat' dir='ltr'><strong>ait,</strong></span> 
     </span>
     <span class='ocr_line' id='line_1_53' title="bbox 1019 3761 1842 3841; baseline 0.012 -24"><span class='ocrx_word' id='word_1_549' title='bbox 1019 3761 1170 3820; x_wconf 90' lang='lat' dir='ltr'><strong>morituris</strong></span> <span class='ocrx_word' id='word_1_550' title='bbox 1183 3764 1331 3832; x_wconf 81' lang='lat' dir='ltr'><strong>Socordio,</strong></span> <span class='ocrx_word' id='word_1_551' title='bbox 1355 3770 1384 3821; x_wconf 91' lang='lat' dir='ltr'><strong>et</strong></span> <span class='ocrx_word' id='word_1_552' title='bbox 1406 3764 1560 3836; x_wconf 81' lang='lat' dir='ltr'><strong>Thenatio,</strong></span> <span class='ocrx_word' id='word_1_553' title='bbox 1585 3773 1615 3824; x_wconf 92' lang='lat' dir='ltr'><strong>et</strong></span> <span class='ocrx_word' id='word_1_554' title='bbox 1636 3767 1842 3841; x_wconf 75' lang='lat' dir='ltr'><strong>Asclepiodoto</strong></span> 
     </span>
     <span class='ocr_line' id='line_1_54' title="bbox 1018 3851 1840 3931; baseline 0.012 -26"><span class='ocrx_word' id='word_1_555' title='bbox 1018 3851 1083 3907; x_wconf 82' lang='lat' dir='ltr'><strong>vite</strong></span> <span class='ocrx_word' id='word_1_556' title='bbox 1098 3851 1339 3909; x_wconf 87' lang='lat' dir='ltr'><strong>subministrator</strong></span> <span class='ocrx_word' id='word_1_557' title='bbox 1356 3874 1370 3904; x_wconf 77' lang='lat' dir='ltr'><strong>&gt;r</strong></span> <span class='ocrx_word' id='word_1_558' title='bbox 1396 3852 1579 3926; x_wconf 77' lang='lat' dir='ltr'><strong>(i&#39;ertuliien.</strong></span> <span class='ocrx_word' id='word_1_559' title='bbox 1608 3857 1746 3928; x_wconf 78' lang='lat' dir='ltr'><strong>Apolroet.</strong></span> <span class='ocrx_word' id='word_1_560' title='bbox 1775 3873 1840 3931; x_wconf 88' lang='lat' dir='ltr'><strong>esp.</strong></span> 
     </span>
     <span class='ocr_line' id='line_1_55' title="bbox 1017 3939 1842 4013; baseline 0.008 -19"><span class='ocrx_word' id='word_1_561' title='bbox 1017 3939 1325 4012; x_wconf 65' lang='lat' dir='ltr'><strong>terentianum</strong></span> <span class='ocrx_word' id='word_1_562' title='bbox 1348 3940 1426 3997; x_wconf 90' lang='lat' dir='ltr'><strong>euim</strong></span> <span class='ocrx_word' id='word_1_563' title='bbox 1453 3947 1597 4013; x_wconf 85' lang='lat' dir='ltr'><strong>quantum</strong></span> <span class='ocrx_word' id='word_1_564' title='bbox 1622 3943 1684 4001; x_wconf 85' lang='lat' dir='ltr'><strong>heo</strong></span> <span class='ocrx_word' id='word_1_565' title='bbox 1710 3945 1842 4002; x_wconf 90' lang='lat' dir='ltr'><strong>erudito-</strong></span> 
     </span>
     <span class='ocr_line' id='line_1_56' title="bbox 1019 4028 1841 4102; baseline 0.006 -19"><span class='ocrx_word' id='word_1_566' title='bbox 1019 4044 1085 4085; x_wconf 89' lang='lat' dir='ltr'><strong>rum</strong></span> <span class='ocrx_word' id='word_1_567' title='bbox 1101 4028 1254 4084; x_wconf 87' lang='lat' dir='ltr'><strong>borninum</strong></span> <span class='ocrx_word' id='word_1_568' title='bbox 1278 4029 1398 4102; x_wconf 77' lang='lat' dir='ltr'><strong>ingenis</strong></span> <span class='ocrx_word' id='word_1_569' title='bbox 1416 4030 1609 4088; x_wconf 88' lang='lat' dir='ltr'><strong>exercuerint.</strong></span> <span class='ocrx_word' id='word_1_570' title='bbox 1628 4034 1662 4087; x_wconf 78' lang='lat' dir='ltr'><strong>st</strong></span> <span class='ocrx_word' id='word_1_571' title='bbox 1684 4037 1762 4089; x_wconf 92' lang='lat' dir='ltr'><strong>certe</strong></span> <span class='ocrx_word' id='word_1_572' title='bbox 1776 4049 1841 4090; x_wconf 92' lang='lat' dir='ltr'><strong>cor·</strong></span> 
     </span>
     <span class='ocr_line' id='line_1_57' title="bbox 1019 4115 1841 4188; baseline 0.009 -17"><span class='ocrx_word' id='word_1_573' title='bbox 1019 4121 1125 4188; x_wconf 87' lang='lat' dir='ltr'><strong>ruptus</strong></span> <span class='ocrx_word' id='word_1_574' title='bbox 1146 4120 1191 4172; x_wconf 89' lang='lat' dir='ltr'><strong>est</strong></span> <span class='ocrx_word' id='word_1_575' title='bbox 1213 4115 1261 4172; x_wconf 92' lang='lat' dir='ltr'><strong>bic</strong></span> <span class='ocrx_word' id='word_1_576' title='bbox 1285 4117 1378 4174; x_wconf 83' lang='lat' dir='ltr'><strong>lrrous.</strong></span> <span class='ocrx_word' id='word_1_577' title='bbox 1399 4117 1472 4174; x_wconf 90' lang='lat' dir='ltr'><strong>Nem</strong></span> <span class='ocrx_word' id='word_1_578' title='bbox 1497 4117 1525 4174; x_wconf 92' lang='lat' dir='ltr'><strong>in</strong></span> <span class='ocrx_word' id='word_1_579' title='bbox 1561 4119 1670 4177; x_wconf 90' lang='lat' dir='ltr'><strong>uostris</strong></span> <span class='ocrx_word' id='word_1_580' title='bbox 1690 4121 1841 4178; x_wconf 85' lang='lat' dir='ltr'><strong>codicibus</strong></span> 
     </span>
     <span class='ocr_line' id='line_1_58' title="bbox 1019 4204 1841 4278; baseline 0.006 -17"><span class='ocrx_word' id='word_1_581' title='bbox 1019 4220 1108 4262; x_wconf 84' lang='lat' dir='ltr'><strong>manu</strong></span> <span class='ocrx_word' id='word_1_582' title='bbox 1120 4209 1150 4261; x_wconf 86' lang='lat' dir='ltr'><strong>et</strong></span> <span class='ocrx_word' id='word_1_583' title='bbox 1163 4204 1331 4276; x_wconf 86' lang='lat' dir='ltr'><strong>antiquiori,</strong></span> <span class='ocrx_word' id='word_1_584' title='bbox 1345 4209 1374 4262; x_wconf 92' lang='lat' dir='ltr'><strong>et</strong></span> <span class='ocrx_word' id='word_1_585' title='bbox 1385 4205 1540 4264; x_wconf 88' lang='lat' dir='ltr'><strong>recentiori</strong></span> <span class='ocrx_word' id='word_1_586' title='bbox 1552 4208 1677 4278; x_wconf 87' lang='lat' dir='ltr'><strong>exaratis</strong></span> <span class='ocrx_word' id='word_1_587' title='bbox 1692 4207 1819 4266; x_wconf 91' lang='lat' dir='ltr'><strong>babetur</strong></span> <span class='ocrx_word' id='word_1_588' title='bbox 1832 4225 1841 4266; x_wconf 84' lang='lat' dir='ltr'><strong>r</strong></span> 
     </span>
    </p>
   </div>
   <div class='ocr_carea' id='block_1_16' title="bbox 133 4294 1849 5728">
    <p class='ocr_par' dir='ltr' id='par_1_17' title="bbox 133 4294 1848 5011">
     <span class='ocr_line' id='line_1_59' title="bbox 133 4294 1843 4387; baseline -0.001 -13"><span class='ocrx_word' id='word_1_589' title='bbox 133 4318 189 4374; x_wconf 88' lang='lat' dir='ltr'><strong>alii</strong></span> <span class='ocrx_word' id='word_1_590' title='bbox 205 4316 349 4374; x_wconf 88' lang='lat' dir='ltr'><strong>Venerem</strong></span> <span class='ocrx_word' id='word_1_591' title='bbox 362 4331 428 4372; x_wconf 89' lang='lat' dir='ltr'><strong>esse</strong></span> <span class='ocrx_word' id='word_1_592' title='bbox 451 4315 634 4384; x_wconf 84' lang='lat' dir='ltr'><strong>existimant,</strong></span> <span class='ocrx_word' id='word_1_593' title='bbox 658 4315 728 4387; x_wconf 87' lang='lat' dir='ltr'><strong>quia</strong></span> <span class='ocrx_word' id='word_1_594' title='bbox 750 4315 871 4372; x_wconf 87' lang='lat' dir='ltr'><strong>Veneris</strong></span> <span class='ocrx_word' id='word_1_595' title='bbox 892 4314 964 4372; x_wconf 87' lang='lat' dir='ltr'><strong>Ura·</strong></span> <span class='ocrx_word' id='word_1_596' title='bbox 1019 4315 1033 4345; x_wconf 72' lang='lat' dir='ltr'><strong>a</strong></span> <span class='ocrx_word' id='word_1_597' title='bbox 1049 4294 1113 4350; x_wconf 64' lang='lat' dir='ltr'><strong>Alli</strong></span> <span class='ocrx_word' id='word_1_598' title='bbox 1127 4294 1174 4351; x_wconf 61' lang='lat' dir='ltr'><strong>dli</strong></span> <span class='ocrx_word' id='word_1_599' title='bbox 1190 4294 1342 4352; x_wconf 67' lang='lat' dir='ltr'><strong>m⁰fll¹¹ll⁸</strong></span> <span class='ocrx_word' id='word_1_600' title='bbox 1361 4295 1417 4368; x_wconf 60' lang='lat' dir='ltr'><strong>(iil</strong></span> <span class='ocrx_word' id='word_1_601' title='bbox 1445 4294 1508 4352; x_wconf 63' lang='lat' dir='ltr'><strong>“li“</strong></span> <span class='ocrx_word' id='word_1_602' title='bbox 1535 4297 1724 4371; x_wconf 57' lang='lat' dir='ltr'><strong>millum)</strong></span> <span class='ocrx_word' id='word_1_603' title='bbox 1738 4299 1843 4356; x_wconf 68' lang='grc' dir='ltr'>500οΓ-</span> 
     </span>
     <span class='ocr_line' id='line_1_60' title="bbox 136 4383 1843 4477; baseline 0.002 -39"><span class='ocrx_word' id='word_1_604' title='bbox 136 4405 206 4476; x_wconf 53' lang='grc' dir='ltr'><strong>ῃῑω,</strong></span> <span class='ocrx_word' id='word_1_605' title='bbox 223 4405 285 4462; x_wconf 59' lang='lat'><strong>⁸5„</strong></span> <span class='ocrx_word' id='word_1_606' title='bbox 299 4403 429 4471; x_wconf 48' lang='lat' dir='ltr'><strong>Coeqmr,</strong></span> <span class='ocrx_word' id='word_1_607' title='bbox 449 4405 574 4477; x_wconf 56' lang='lat' dir='ltr'><strong>,jusque</strong></span> <span class='ocrx_word' id='word_1_608' title='bbox 589 4403 691 4476; x_wconf 59' lang='lat' dir='ltr'><strong>templi</strong></span> <span class='ocrx_word' id='word_1_609' title='bbox 713 4404 891 4460; x_wconf 56' lang='lat' dir='ltr'><strong>menqonom</strong></span> <span class='ocrx_word' id='word_1_610' title='bbox 909 4403 964 4461; x_wconf 54' lang='lat' dir='ltr'><strong>He,</strong></span> <span class='ocrx_word' id='word_1_611' title='bbox 1018 4383 1077 4455; x_wconf 90' lang='lat' dir='ltr'><strong>dio,</strong></span> <span class='ocrx_word' id='word_1_612' title='bbox 1094 4387 1122 4439; x_wconf 91' lang='lat' dir='ltr'><strong>et</strong></span> <span class='ocrx_word' id='word_1_613' title='bbox 1136 4383 1269 4453; x_wconf 86' lang='lat' dir='ltr'><strong>Donatio,</strong></span> <span class='ocrx_word' id='word_1_614' title='bbox 1286 4387 1315 4440; x_wconf 92' lang='lat' dir='ltr'><strong>et</strong></span> <span class='ocrx_word' id='word_1_615' title='bbox 1329 4384 1535 4457; x_wconf 81' lang='lat' dir='ltr'><strong>asclepiodoro</strong></span> <span class='ocrx_word' id='word_1_616' title='bbox 1556 4385 1811 4445; x_wconf 87' lang='lat' dir='ltr'><strong>subministratur.</strong></span> <span class='ocrx_word' id='word_1_617' title='bbox 1827 4409 1843 4442; x_wconf 76' lang='lat' dir='ltr'><strong>a</strong></span> 
     </span>
     <span class='ocr_line' id='line_1_61' title="bbox 133 4471 1844 4566; baseline 0.005 -39"><span class='ocrx_word' id='word_1_618' title='bbox 133 4497 273 4563; x_wconf 56' lang='lat' dir='ltr'>rodum,</span> <span class='ocrx_word' id='word_1_619' title='bbox 292 4493 496 4562; x_wconf 45' lang='lat' dir='ltr'><strong>pausaniam</strong></span> <span class='ocrx_word' id='word_1_620' title='bbox 510 4493 658 4550; x_wconf 55' lang='lat' dir='ltr'><strong>quoium</strong></span> <span class='ocrx_word' id='word_1_621' title='bbox 669 4493 800 4550; x_wconf 56' lang='lat' dir='ltr'><strong>poemat</strong></span> <span class='ocrx_word' id='word_1_622' title='bbox 814 4493 961 4566; x_wconf 55' lang='lat' dir='ltr'><strong>(Herodoq,</strong></span> <span class='ocrx_word' id='word_1_623' title='bbox 1020 4475 1051 4529; x_wconf 91' lang='lat' dir='ltr'><strong>ln</strong></span> <span class='ocrx_word' id='word_1_624' title='bbox 1067 4472 1245 4530; x_wconf 88' lang='lat' dir='ltr'><strong>editionibus</strong></span> <span class='ocrx_word' id='word_1_625' title='bbox 1270 4471 1396 4547; x_wconf 79' lang='lat' dir='ltr'><strong>Rigaltio</strong></span> <span class='ocrx_word' id='word_1_626' title='bbox 1420 4473 1629 4532; x_wconf 85' lang='lat' dir='ltr'><strong>vetustioribus</strong></span> <span class='ocrx_word' id='word_1_627' title='bbox 1645 4491 1653 4533; x_wconf 74' lang='grc' dir='ltr'><strong>ε</strong></span> <span class='ocrx_word' id='word_1_628' title='bbox 1670 4498 1685 4527; x_wconf 74' lang='lat' dir='ltr'><strong>n</strong></span> <span class='ocrx_word' id='word_1_629' title='bbox 1700 4477 1779 4534; x_wconf 81' lang='lat' dir='ltr'><strong>Alias</strong></span> <span class='ocrx_word' id='word_1_630' title='bbox 1794 4479 1844 4536; x_wconf 89' lang='lat' dir='ltr'><strong>dc·</strong></span> 
     </span>
     <span class='ocr_line' id='line_1_62' title="bbox 134 4561 1848 4656; baseline 0.005 -39"><span class='ocrx_word' id='word_1_631' title='bbox 134 4583 190 4640; x_wconf 92' lang='lat' dir='ltr'><strong>lib.</strong></span> <span class='ocrx_word' id='word_1_632' title='bbox 209 4582 305 4656; x_wconf 52' lang='lat'><strong>1,331</strong></span> <span class='ocrx_word' id='word_1_633' title='bbox 323 4581 593 4652; x_wconf 56' lang='lat' dir='ltr'><strong>,21053pqusanq</strong></span> <span class='ocrx_word' id='word_1_634' title='bbox 608 4581 659 4638; x_wconf 53' lang='lat' dir='ltr'><strong>qb,</strong></span> <span class='ocrx_word' id='word_1_635' title='bbox 677 4598 696 4651; x_wconf 50' lang='grc' dir='ltr'><strong>Ι,</strong></span> <span class='ocrx_word' id='word_1_636' title='bbox 717 4597 783 4656; x_wconf 70' lang='lat'><strong>9⁸8·</strong></span> <span class='ocrx_word' id='word_1_637' title='bbox 809 4583 843 4638; x_wconf 69' lang='lat'><strong>14</strong></span> <span class='ocrx_word' id='word_1_638' title='bbox 869 4581 964 4652; x_wconf 57' lang='lat'><strong>,2173</strong></span> <span class='ocrx_word' id='word_1_639' title='bbox 980 4565 1004 4631; x_wconf 81' lang='grc' dir='ltr'><strong>Ι)</strong></span> <span class='ocrx_word' id='word_1_640' title='bbox 1020 4561 1172 4618; x_wconf 89' lang='lat' dir='ltr'><strong>morituris</strong></span> <span class='ocrx_word' id='word_1_641' title='bbox 1188 4561 1319 4618; x_wconf 84' lang='lat' dir='ltr'><strong>Socordii</strong></span> <span class='ocrx_word' id='word_1_642' title='bbox 1333 4565 1363 4618; x_wconf 91' lang='lat' dir='ltr'><strong>et</strong></span> <span class='ocrx_word' id='word_1_643' title='bbox 1376 4562 1491 4619; x_wconf 87' lang='lat' dir='ltr'><strong>Denstii</strong></span> <span class='ocrx_word' id='word_1_644' title='bbox 1514 4568 1543 4620; x_wconf 91' lang='lat' dir='ltr'><strong>et</strong></span> <span class='ocrx_word' id='word_1_645' title='bbox 1566 4562 1764 4638; x_wconf 71' lang='lat' dir='ltr'><strong>asclepiodoti</strong></span> <span class='ocrx_word' id='word_1_646' title='bbox 1778 4567 1848 4625; x_wconf 89' lang='lat' dir='ltr'><strong>sub·</strong></span> 
     </span>
     <span class='ocr_line' id='line_1_63' title="bbox 135 4650 1847 4744; baseline 0.005 -39"><span class='ocrx_word' id='word_1_647' title='bbox 135 4671 262 4730; x_wconf 49' lang='lat' dir='ltr'><strong>Luem·</strong></span> <span class='ocrx_word' id='word_1_648' title='bbox 278 4671 357 4728; x_wconf 49' lang='lat' dir='ltr'><strong>prag,</strong></span> <span class='ocrx_word' id='word_1_649' title='bbox 375 4669 438 4728; x_wconf 49' lang='lat' dir='ltr'><strong>pap,</strong></span> <span class='ocrx_word' id='word_1_650' title='bbox 454 4679 480 4727; x_wconf 61' lang='lat' dir='ltr'><strong>,g</strong></span> <span class='ocrx_word' id='word_1_651' title='bbox 493 4671 595 4728; x_wconf 52' lang='lat' dir='ltr'><strong>pm„</strong></span> <span class='ocrx_word' id='word_1_652' title='bbox 619 4686 686 4744; x_wconf 48' lang='lat' dir='ltr'><strong>pag·</strong></span> <span class='ocrx_word' id='word_1_653' title='bbox 707 4669 782 4743; x_wconf 65' lang='grc' dir='ltr'><strong>973)Ι</strong></span> <span class='ocrx_word' id='word_1_654' title='bbox 807 4669 897 4727; x_wconf 67' lang='lat' dir='ltr'><strong>Nobi,</strong></span> <span class='ocrx_word' id='word_1_655' title='bbox 912 4687 965 4727; x_wconf 54' lang='lat' dir='ltr'><strong>au,</strong></span> <span class='ocrx_word' id='word_1_656' title='bbox 1022 4650 1206 4707; x_wconf 90' lang='lat' dir='ltr'><strong>ministrator</strong></span> <span class='ocrx_word' id='word_1_657' title='bbox 1230 4673 1245 4701; x_wconf 82' lang='lat' dir='ltr'><strong>u</strong></span> <span class='ocrx_word' id='word_1_658' title='bbox 1276 4651 1421 4721; x_wconf 81' lang='lat' dir='ltr'><strong>(Dissertut</strong></span> <span class='ocrx_word' id='word_1_659' title='bbox 1443 4653 1474 4707; x_wconf 84' lang='lat' dir='ltr'><strong>in</strong></span> <span class='ocrx_word' id='word_1_660' title='bbox 1494 4651 1595 4709; x_wconf 78' lang='lat' dir='ltr'><strong>Arnob.</strong></span> <span class='ocrx_word' id='word_1_661' title='bbox 1623 4669 1686 4727; x_wconf 90' lang='lat' dir='ltr'><strong>cap.</strong></span> <span class='ocrx_word' id='word_1_662' title='bbox 1701 4655 1730 4723; x_wconf 80' lang='lat'><strong>9,</strong></span> <span class='ocrx_word' id='word_1_663' title='bbox 1745 4659 1800 4712; x_wconf 86' lang='lat' dir='ltr'><strong>art.</strong></span> <span class='ocrx_word' id='word_1_664' title='bbox 1814 4657 1847 4727; x_wconf 80' lang='lat'><strong>2,</strong></span> 
     </span>
     <span class='ocr_line' id='line_1_64' title="bbox 135 4740 1847 4833; baseline -0.002 -15"><span class='ocrx_word' id='word_1_665' title='bbox 135 4768 201 4818; x_wconf 91' lang='lat' dir='ltr'><strong>tem</strong></span> <span class='ocrx_word' id='word_1_666' title='bbox 217 4759 334 4816; x_wconf 85' lang='lat' dir='ltr'><strong>lucilius</strong></span> <span class='ocrx_word' id='word_1_667' title='bbox 350 4760 522 4833; x_wconf 88' lang='lat' dir='ltr'><strong>probabitur</strong></span> <span class='ocrx_word' id='word_1_668' title='bbox 533 4760 573 4817; x_wconf 93' lang='lat' dir='ltr'><strong>ibi</strong></span> <span class='ocrx_word' id='word_1_669' title='bbox 588 4776 607 4816; x_wconf 88' lang='lat' dir='ltr'><strong>a</strong></span> <span class='ocrx_word' id='word_1_670' title='bbox 621 4759 804 4817; x_wconf 77' lang='lat' dir='ltr'><strong>Tertulliano</strong></span> <span class='ocrx_word' id='word_1_671' title='bbox 817 4760 967 4832; x_wconf 79' lang='lat' dir='ltr'><strong>designari</strong></span> <span class='ocrx_word' id='word_1_672' title='bbox 1021 4743 1050 4796; x_wconf 76' lang='lat' dir='ltr'><strong>⁰l</strong></span> <span class='ocrx_word' id='word_1_673' title='bbox 1064 4741 1095 4795; x_wconf 85' lang='lat' dir='ltr'><strong>in</strong></span> <span class='ocrx_word' id='word_1_674' title='bbox 1119 4740 1245 4796; x_wconf 59' lang='lat' dir='ltr'><strong>Willi-</strong></span> <span class='ocrx_word' id='word_1_675' title='bbox 1270 4755 1335 4811; x_wconf 73' lang='lat'><strong>⁰⁸1³·</strong></span> <span class='ocrx_word' id='word_1_676' title='bbox 1361 4740 1406 4796; x_wconf 85' lang='lat'><strong>3⁰·</strong></span> <span class='ocrx_word' id='word_1_677' title='bbox 1432 4744 1487 4796; x_wconf 65' lang='lat' dir='ltr'><strong>ill·</strong></span> <span class='ocrx_word' id='word_1_678' title='bbox 1509 4741 1548 4814; x_wconf 86' lang='lat'><strong>5).</strong></span> <span class='ocrx_word' id='word_1_679' title='bbox 1563 4741 1633 4807; x_wconf 84' lang='lat' dir='ltr'><strong>Quis</strong></span> <span class='ocrx_word' id='word_1_680' title='bbox 1661 4748 1759 4802; x_wconf 64' lang='lat' dir='ltr'><strong>illim</strong></span> <span class='ocrx_word' id='word_1_681' title='bbox 1787 4761 1847 4803; x_wconf 73' lang='lat' dir='ltr'><strong>¹¹⁰ss</strong></span> 
     </span>
     <span class='ocr_line' id='line_1_65' title="bbox 137 4826 1847 4923; baseline 0.008 -42"><span class='ocrx_word' id='word_1_682' title='bbox 137 4848 293 4923; x_wconf 54' lang='lat' dir='ltr'><strong>propriam</strong></span> <span class='ocrx_word' id='word_1_683' title='bbox 322 4865 357 4906; x_wconf 58' lang='lat' dir='ltr'><strong>a,</strong></span> <span class='ocrx_word' id='word_1_684' title='bbox 392 4849 601 4922; x_wconf 48' lang='lat' dir='ltr'><strong>manippum</strong></span> <span class='ocrx_word' id='word_1_685' title='bbox 629 4849 732 4906; x_wconf 59' lang='lat' dir='ltr'><strong>Apio„</strong></span> <span class='ocrx_word' id='word_1_686' title='bbox 756 4849 852 4921; x_wconf 50' lang='lat' dir='ltr'><strong>dmm,</strong></span> <span class='ocrx_word' id='word_1_687' title='bbox 877 4865 967 4922; x_wconf 57' lang='lat' dir='ltr'><strong>quam</strong></span> <span class='ocrx_word' id='word_1_688' title='bbox 1023 4826 1315 4885; x_wconf 86' lang='lat' dir='ltr'><strong>videtbasdivercas</strong></span> <span class='ocrx_word' id='word_1_689' title='bbox 1340 4828 1480 4888; x_wconf 88' lang='lat' dir='ltr'><strong>lectiones</strong></span> <span class='ocrx_word' id='word_1_690' title='bbox 1505 4845 1612 4904; x_wconf 83' lang='lat' dir='ltr'><strong>augere</strong></span> <span class='ocrx_word' id='word_1_691' title='bbox 1636 4834 1733 4904; x_wconf 90' lang='lat' dir='ltr'><strong>potius</strong></span> <span class='ocrx_word' id='word_1_692' title='bbox 1757 4850 1847 4910; x_wconf 87' lang='lat' dir='ltr'><strong>quam</strong></span> 
     </span>
     <span class='ocr_line' id='line_1_66' title="bbox 136 4917 1368 5011; baseline -0.001 -17"><span class='ocrx_word' id='word_1_693' title='bbox 136 4937 319 5011; x_wconf 87' lang='lat' dir='ltr'><strong>paulopost</strong></span> <span class='ocrx_word' id='word_1_694' title='bbox 341 4939 371 4994; x_wconf 91' lang='lat' dir='ltr'><strong>in</strong></span> <span class='ocrx_word' id='word_1_695' title='bbox 390 4937 486 4995; x_wconf 80' lang='lat' dir='ltr'><strong>Airica</strong></span> <span class='ocrx_word' id='word_1_696' title='bbox 509 4937 566 4995; x_wconf 93' lang='lat' dir='ltr'><strong>ooli</strong></span> <span class='ocrx_word' id='word_1_697' title='bbox 586 4937 760 4994; x_wconf 82' lang='lat' dir='ltr'><strong>testificatur</strong></span> <span class='ocrx_word' id='word_1_698' title='bbox 781 4934 967 5010; x_wconf 78' lang='lat' dir='ltr'><strong>(Tertullian.</strong></span> <span class='ocrx_word' id='word_1_699' title='bbox 1023 4918 1124 4976; x_wconf 71' lang='lat' dir='ltr'><strong>l⁰¹¹⁰i⁶</strong></span> <span class='ocrx_word' id='word_1_700' title='bbox 1138 4917 1368 4975; x_wconf 81' lang='lat' dir='ltr'><strong>difficultatem?</strong></span> 
     </span>
    </p>

    <p class='ocr_par' dir='ltr' id='par_1_18' title="bbox 136 5025 1849 5728">
     <span class='ocr_line' id='line_1_67' title="bbox 136 5025 1846 5103; baseline 0.004 -20"><span class='ocrx_word' id='word_1_701' title='bbox 136 5028 281 5100; x_wconf 77' lang='lat' dir='ltr'><strong>Apolopct.</strong></span> <span class='ocrx_word' id='word_1_702' title='bbox 298 5043 362 5098; x_wconf 91' lang='lat' dir='ltr'><strong>cap.</strong></span> <span class='ocrx_word' id='word_1_703' title='bbox 377 5027 424 5098; x_wconf 75' lang='lat'><strong>24,</strong></span> <span class='ocrx_word' id='word_1_704' title='bbox 440 5027 495 5084; x_wconf 87' lang='lat' dir='ltr'><strong>col.</strong></span> <span class='ocrx_word' id='word_1_705' title='bbox 511 5025 586 5098; x_wconf 80' lang='lat' dir='ltr'><strong>lto).</strong></span> <span class='ocrx_word' id='word_1_706' title='bbox 607 5027 790 5099; x_wconf 75' lang='lat' dir='ltr'><strong>Augustinus</strong></span> <span class='ocrx_word' id='word_1_707' title='bbox 804 5027 830 5082; x_wconf 92' lang='lat' dir='ltr'><strong>ai</strong></span> <span class='ocrx_word' id='word_1_708' title='bbox 848 5025 967 5098; x_wconf 89' lang='lat' dir='ltr'><strong>quidem</strong></span> <span class='ocrx_word' id='word_1_709' title='bbox 1059 5025 1183 5093; x_wconf 86' lang='lat' dir='ltr'><strong>Quidam</strong></span> <span class='ocrx_word' id='word_1_710' title='bbox 1199 5029 1297 5083; x_wconf 89' lang='lat' dir='ltr'><strong>temen</strong></span> <span class='ocrx_word' id='word_1_711' title='bbox 1314 5026 1504 5098; x_wconf 89' lang='lat' dir='ltr'><strong>suspicantur</strong></span> <span class='ocrx_word' id='word_1_712' title='bbox 1517 5027 1572 5086; x_wconf 84' lang='lat' dir='ltr'><strong>has</strong></span> <span class='ocrx_word' id='word_1_713' title='bbox 1596 5032 1777 5103; x_wconf 81' lang='lat' dir='ltr'><strong>agyrtsrum,</strong></span> <span class='ocrx_word' id='word_1_714' title='bbox 1792 5047 1846 5089; x_wconf 84' lang='lat' dir='ltr'><strong>aen</strong></span> 
     </span>
     <span class='ocr_line' id='line_1_68' title="bbox 137 5113 1846 5190; baseline 0.004 -18"><span class='ocrx_word' id='word_1_715' title='bbox 137 5117 230 5172; x_wconf 86' lang='lat' dir='ltr'><strong>testis</strong></span> <span class='ocrx_word' id='word_1_716' title='bbox 245 5117 348 5188; x_wconf 88' lang='lat' dir='ltr'><strong>utique</strong></span> <span class='ocrx_word' id='word_1_717' title='bbox 362 5115 507 5183; x_wconf 90' lang='lat' dir='ltr'><strong>oculatus,</strong></span> <span class='ocrx_word' id='word_1_718' title='bbox 532 5113 568 5172; x_wconf 88' lang='lat' dir='ltr'><strong>de</strong></span> <span class='ocrx_word' id='word_1_719' title='bbox 588 5114 639 5171; x_wconf 91' lang='lat' dir='ltr'><strong>illa</strong></span> <span class='ocrx_word' id='word_1_720' title='bbox 662 5116 717 5172; x_wconf 92' lang='lat' dir='ltr'><strong>dea</strong></span> <span class='ocrx_word' id='word_1_721' title='bbox 737 5114 799 5171; x_wconf 86' lang='lat' dir='ltr'><strong>baso</strong></span> <span class='ocrx_word' id='word_1_722' title='bbox 821 5114 969 5172; x_wconf 83' lang='lat' dir='ltr'><strong>memorie</strong></span> <span class='ocrx_word' id='word_1_723' title='bbox 1023 5114 1281 5188; x_wconf 70' lang='lat' dir='ltr'><strong>praestigiatorum,</strong></span> <span class='ocrx_word' id='word_1_724' title='bbox 1297 5115 1348 5188; x_wconf 91' lang='lat' dir='ltr'><strong>qui</strong></span> <span class='ocrx_word' id='word_1_725' title='bbox 1362 5115 1570 5190; x_wconf 80' lang='lat' dir='ltr'><strong>AEsculapiose</strong></span> <span class='ocrx_word' id='word_1_726' title='bbox 1584 5117 1754 5176; x_wconf 86' lang='lat' dir='ltr'><strong>ministrare</strong></span> <span class='ocrx_word' id='word_1_727' title='bbox 1763 5135 1846 5178; x_wconf 87' lang='lat' dir='ltr'><strong>men·</strong></span> 
     </span>
     <span class='ocr_line' id='line_1_69' title="bbox 138 5203 1846 5283; baseline 0.003 -21"><span class='ocrx_word' id='word_1_728' title='bbox 138 5204 276 5278; x_wconf 90' lang='lat' dir='ltr'><strong>prodidit</strong></span> <span class='ocrx_word' id='word_1_729' title='bbox 292 5221 299 5260; x_wconf 88' lang='lat'>:</span> <span class='ocrx_word' id='word_1_730' title='bbox 315 5227 329 5257; x_wconf 79' lang='lat' dir='ltr'><strong>u</strong></span> <span class='ocrx_word' id='word_1_731' title='bbox 346 5204 542 5262; x_wconf 86' lang='lat' dir='ltr'><strong>Veniebamus</strong></span> <span class='ocrx_word' id='word_1_732' title='bbox 558 5221 611 5262; x_wconf 88' lang='lat' dir='ltr'><strong>noa</strong></span> <span class='ocrx_word' id='word_1_733' title='bbox 626 5203 784 5277; x_wconf 87' lang='lat' dir='ltr'><strong>aliquando</strong></span> <span class='ocrx_word' id='word_1_734' title='bbox 800 5203 969 5261; x_wconf 87' lang='lat' dir='ltr'><strong>adolescen-</strong></span> <span class='ocrx_word' id='word_1_735' title='bbox 1023 5205 1185 5274; x_wconf 84' lang='lat' dir='ltr'><strong>tiebantur,</strong></span> <span class='ocrx_word' id='word_1_736' title='bbox 1200 5219 1264 5260; x_wconf 88' lang='lat' dir='ltr'><strong>esse</strong></span> <span class='ocrx_word' id='word_1_737' title='bbox 1278 5219 1374 5273; x_wconf 84' lang='lat' dir='ltr'><strong>voces,</strong></span> <span class='ocrx_word' id='word_1_738' title='bbox 1396 5221 1470 5277; x_wconf 90' lang='lat' dir='ltr'><strong>quas</strong></span> <span class='ocrx_word' id='word_1_739' title='bbox 1485 5210 1581 5264; x_wconf 86' lang='lat' dir='ltr'><strong>tacere</strong></span> <span class='ocrx_word' id='word_1_740' title='bbox 1605 5207 1698 5264; x_wconf 88' lang='lat' dir='ltr'><strong>satius</strong></span> <span class='ocrx_word' id='word_1_741' title='bbox 1723 5209 1846 5283; x_wconf 88' lang='lat' dir='ltr'><strong>ducunt,</strong></span> 
     </span>
     <span class='ocr_line' id='line_1_70' title="bbox 138 5291 1847 5369; baseline 0.002 -18"><span class='ocrx_word' id='word_1_742' title='bbox 138 5299 190 5352; x_wconf 87' lang='lat' dir='ltr'><strong>tes</strong></span> <span class='ocrx_word' id='word_1_743' title='bbox 207 5293 244 5350; x_wconf 88' lang='lat' dir='ltr'><strong>ed</strong></span> <span class='ocrx_word' id='word_1_744' title='bbox 260 5293 429 5366; x_wconf 86' lang='lat' dir='ltr'><strong>spectacula</strong></span> <span class='ocrx_word' id='word_1_745' title='bbox 451 5292 637 5364; x_wconf 85' lang='lat' dir='ltr'><strong>ludibriaque</strong></span> <span class='ocrx_word' id='word_1_746' title='bbox 661 5292 882 5366; x_wconf 79' lang='lat' dir='ltr'><strong>sacrilegorum.</strong></span> <span class='ocrx_word' id='word_1_747' title='bbox 899 5292 970 5366; x_wconf 82' lang='lat' dir='ltr'><strong>Spe·</strong></span> <span class='ocrx_word' id='word_1_748' title='bbox 1025 5309 1112 5364; x_wconf 90' lang='lat' dir='ltr'><strong>quam</strong></span> <span class='ocrx_word' id='word_1_749' title='bbox 1128 5292 1159 5347; x_wconf 91' lang='lat' dir='ltr'><strong>in</strong></span> <span class='ocrx_word' id='word_1_750' title='bbox 1174 5291 1211 5348; x_wconf 90' lang='lat' dir='ltr'><strong>iia</strong></span> <span class='ocrx_word' id='word_1_751' title='bbox 1226 5292 1406 5366; x_wconf 86' lang='lat' dir='ltr'><strong>explicandis</strong></span> <span class='ocrx_word' id='word_1_752' title='bbox 1423 5309 1484 5350; x_wconf 88' lang='lat' dir='ltr'><strong>rrau</strong></span> <span class='ocrx_word' id='word_1_753' title='bbox 1517 5294 1636 5369; x_wconf 81' lang='lat' dir='ltr'><strong>dignam</strong></span> <span class='ocrx_word' id='word_1_754' title='bbox 1658 5303 1688 5353; x_wconf 90' lang='lat' dir='ltr'><strong>et</strong></span> <span class='ocrx_word' id='word_1_755' title='bbox 1711 5297 1847 5356; x_wconf 89' lang='lat' dir='ltr'><strong>inutilem</strong></span> 
     </span>
     <span class='ocr_line' id='line_1_71' title="bbox 138 5381 1849 5456; baseline 0 -13"><span class='ocrx_word' id='word_1_756' title='bbox 138 5383 302 5443; x_wconf 79' lang='lat' dir='ltr'><strong>stabamus</strong></span> <span class='ocrx_word' id='word_1_757' title='bbox 318 5382 495 5456; x_wconf 88' lang='lat' dir='ltr'><strong>arreptitios,</strong></span> <span class='ocrx_word' id='word_1_758' title='bbox 510 5381 704 5439; x_wconf 86' lang='lat' dir='ltr'><strong>audiebamus</strong></span> <span class='ocrx_word' id='word_1_759' title='bbox 727 5381 970 5455; x_wconf 58' lang='lat' dir='ltr'><strong>symphoniacum</strong></span> <span class='ocrx_word' id='word_1_760' title='bbox 1026 5381 1147 5453; x_wconf 91' lang='lat' dir='ltr'><strong>perdere</strong></span> <span class='ocrx_word' id='word_1_761' title='bbox 1162 5387 1292 5453; x_wconf 83' lang='lat' dir='ltr'><strong>operam.</strong></span> <span class='ocrx_word' id='word_1_762' title='bbox 1308 5381 1364 5438; x_wconf 84' lang='lat' dir='ltr'><strong>dlii</strong></span> <span class='ocrx_word' id='word_1_763' title='bbox 1378 5387 1500 5439; x_wconf 86' lang='lat' dir='ltr'><strong>censent</strong></span> <span class='ocrx_word' id='word_1_764' title='bbox 1524 5384 1646 5441; x_wconf 88' lang='lat' dir='ltr'><strong>nominc</strong></span> <span class='ocrx_word' id='word_1_765' title='bbox 1667 5385 1757 5443; x_wconf 88' lang='lat' dir='ltr'><strong>trium</strong></span> <span class='ocrx_word' id='word_1_766' title='bbox 1783 5401 1849 5443; x_wconf 88' lang='lat' dir='ltr'><strong>esse</strong></span> 
     </span>
     <span class='ocr_line' id='line_1_72' title="bbox 139 5468 1849 5546; baseline 0.001 -17"><span class='ocrx_word' id='word_1_767' title='bbox 139 5468 972 5544; x_wconf 87' lang='lat' dir='ltr'><strong>iudisturpissirnls,quidiiadeabusqueexhibebantur;</strong></span> <span class='ocrx_word' id='word_1_768' title='bbox 1027 5468 1191 5538; x_wconf 88' lang='lat' dir='ltr'><strong>bominum,</strong></span> <span class='ocrx_word' id='word_1_769' title='bbox 1213 5470 1322 5544; x_wconf 84' lang='lat' dir='ltr'><strong>quibus</strong></span> <span class='ocrx_word' id='word_1_770' title='bbox 1355 5471 1540 5546; x_wconf 83' lang='lat' dir='ltr'><strong>AEsculspius</strong></span> <span class='ocrx_word' id='word_1_771' title='bbox 1569 5473 1635 5529; x_wconf 82' lang='lat' dir='ltr'><strong>site</strong></span> <span class='ocrx_word' id='word_1_772' title='bbox 1668 5471 1849 5530; x_wconf 87' lang='lat' dir='ltr'><strong>curriculum</strong></span> 
     </span>
     <span class='ocr_line' id='line_1_73' title="bbox 142 5556 1848 5634; baseline 0.001 -16"><span class='ocrx_word' id='word_1_773' title='bbox 142 5560 382 5629; x_wconf 88' lang='lat' dir='ltr'><strong>oblectabamur,</strong></span> <span class='ocrx_word' id='word_1_774' title='bbox 401 5559 517 5618; x_wconf 75' lang='lat' dir='ltr'><strong>Caelesti</strong></span> <span class='ocrx_word' id='word_1_775' title='bbox 538 5557 643 5632; x_wconf 78' lang='lat' dir='ltr'><strong>virgini</strong></span> <span class='ocrx_word' id='word_1_776' title='bbox 662 5563 691 5615; x_wconf 91' lang='lat' dir='ltr'><strong>et</strong></span> <span class='ocrx_word' id='word_1_777' title='bbox 716 5558 894 5634; x_wconf 79' lang='lat' dir='ltr'><strong>Berecyntiae</strong></span> <span class='ocrx_word' id='word_1_778' title='bbox 915 5575 974 5617; x_wconf 89' lang='lat' dir='ltr'><strong>ma·</strong></span> <span class='ocrx_word' id='word_1_779' title='bbox 1028 5556 1116 5632; x_wconf 88' lang='lat' dir='ltr'><strong>paulo</strong></span> <span class='ocrx_word' id='word_1_780' title='bbox 1131 5563 1198 5616; x_wconf 87' lang='lat' dir='ltr'><strong>ante</strong></span> <span class='ocrx_word' id='word_1_781' title='bbox 1212 5558 1387 5632; x_wconf 86' lang='lat' dir='ltr'><strong>produxisse</strong></span> <span class='ocrx_word' id='word_1_782' title='bbox 1411 5559 1567 5619; x_wconf 80' lang='lat' dir='ltr'><strong>terebatur.</strong></span> <span class='ocrx_word' id='word_1_783' title='bbox 1584 5562 1639 5620; x_wconf 82' lang='lat' dir='ltr'><strong>Sed</strong></span> <span class='ocrx_word' id='word_1_784' title='bbox 1664 5562 1726 5620; x_wconf 83' lang='lat' dir='ltr'><strong>brac</strong></span> <span class='ocrx_word' id='word_1_785' title='bbox 1748 5561 1848 5633; x_wconf 84' lang='lat' dir='ltr'><strong>aliqua</strong></span> 
     </span>
     <span class='ocr_line' id='line_1_74' title="bbox 142 5637 1848 5728; baseline 0 -19"><span class='ocrx_word' id='word_1_786' title='bbox 142 5649 188 5710; x_wconf 87' lang='lat' dir='ltr'><strong>tri</strong></span> <span class='ocrx_word' id='word_1_787' title='bbox 204 5637 352 5709; x_wconf 87' lang='lat' dir='ltr'><strong>omnium.</strong></span> <span class='ocrx_word' id='word_1_788' title='bbox 381 5671 395 5701; x_wconf 73' lang='lat' dir='ltr'><strong>a</strong></span> <span class='ocrx_word' id='word_1_789' title='bbox 426 5651 561 5725; x_wconf 80' lang='lat' dir='ltr'><strong>(august.</strong></span> <span class='ocrx_word' id='word_1_790' title='bbox 591 5647 643 5706; x_wconf 89' lang='lat' dir='ltr'><strong>iib.</strong></span> <span class='ocrx_word' id='word_1_791' title='bbox 673 5664 694 5704; x_wconf 94' lang='lat' dir='ltr'><strong>n</strong></span> <span class='ocrx_word' id='word_1_792' title='bbox 722 5647 755 5708; x_wconf 77' lang='lat' dir='ltr'><strong>dc</strong></span> <span class='ocrx_word' id='word_1_793' title='bbox 769 5649 848 5708; x_wconf 81' lang='lat' dir='ltr'><strong>divit.</strong></span> <span class='ocrx_word' id='word_1_794' title='bbox 864 5665 928 5723; x_wconf 87' lang='lat' dir='ltr'><strong>cap.</strong></span> <span class='ocrx_word' id='word_1_795' title='bbox 945 5649 972 5720; x_wconf 81' lang='lat' dir='ltr'><strong>t,</strong></span> <span class='ocrx_word' id='word_1_796' title='bbox 1028 5647 1133 5707; x_wconf 84' lang='lat' dir='ltr'><strong>saltem</strong></span> <span class='ocrx_word' id='word_1_797' title='bbox 1158 5648 1270 5708; x_wconf 78' lang='lat' dir='ltr'><strong>rabone</strong></span> <span class='ocrx_word' id='word_1_798' title='bbox 1290 5649 1460 5709; x_wconf 82' lang='lat' dir='ltr'><strong>confirmari</strong></span> <span class='ocrx_word' id='word_1_799' title='bbox 1488 5649 1644 5710; x_wconf 89' lang='lat' dir='ltr'><strong>debebant.</strong></span> <span class='ocrx_word' id='word_1_800' title='bbox 1673 5647 1728 5709; x_wconf 83' lang='lat' dir='ltr'><strong>atti</strong></span> <span class='ocrx_word' id='word_1_801' title='bbox 1759 5666 1848 5728; x_wconf 84' lang='lat' dir='ltr'><strong>porro</strong></span> 
     </span>
    </p>
   </div>
   <div class='ocr_carea' id='block_1_17' title="bbox 0 0 2067 6178">
    <p class='ocr_par' dir='ltr' id='par_1_19' title="bbox 0 0 2067 6178">
     <span class='ocr_line' id='line_1_75' title="bbox 0 0 2067 6178; baseline 0 0"><span class='ocrx_word' id='word_1_802' title='bbox 0 0 2067 6178; x_wconf 95' lang='lat' dir='ltr'><strong> </strong></span> 
     </span>
    </p>
   </div>
  </div>
 </body>
</html>
