4156 6194
171 348 209 410 re
912 347 1135 416 rumenam.
1582 331 1584 339 ’
1839 347 1878 408 ro

169 478 309 536 ctissimis
324 477 458 551 impetito
483 496 516 536 ao
540 481 693 554 protligate
711 480 778 553 (11),
803 480 876 537 eatis
889 483 945 551 est,
961 485 995 538 ut
1007 482 1036 552 Α
1050 479 1192 554 pugnavit
1205 479 1236 536 in
1250 479 1306 537 hoc
1329 477 1502 552 elegantiori
1517 494 1551 535 ac
1573 475 1719 551 pulchello
1735 479 1770 536 de
1783 479 1879 536 Parni.

168 569 323 641 reprobata
335 567 533 639 derideantur,
550 569 721 642 exposuisse
737 570 804 642 (15).
1052 571 1138 627 tentia
1151 569 1270 627 libello:
1287 568 1487 642 sophistarum
1511 568 1632 624 demum
1655 567 1769 626 insulsa
1783 569 1880 640 philo·

204 657 311 728 Magna
326 666 423 712 autem
440 659 748 731 assurgitdogmatioa
762 658 932 715 Tertulliani
943 659 997 716 Ga·
1051 660 1234 731 sophumena
1252 658 1284 714 de
1298 659 1407 724 Anima,
1432 656 1571 729 explodit.
1586 657 1644 713 Hoc
1670 657 1822 714 indelessa
1838 658 1880 714 la·

167 745 268 801 tholioi
279 746 460 814 anctoritas;
477 763 529 802 nee
542 748 690 804 interdum
701 749 886 804 Montanistae
899 765 997 820 asper·
1050 748 1120 804 hore
1136 753 1274 820 perpetuo
1297 747 1455 804 certamine
1480 745 1641 802 decertavit
1655 746 1857 804 Tertullianus
1873 763 1880 804 :

168 835 274 890 nanda.
301 833 459 907 Triplioem
485 836 564 892 enim
590 853 648 909 quo
673 837 719 892 usi
741 837 821 892 luere
845 837 945 892 Patres
966 837 996 892 in
1051 851 1188 909 cumque,
1204 839 1288 892 aetate
1303 835 1464 908 provectior
1480 852 1513 891 sc
1527 833 1647 891 vulnere
1661 834 1820 892 insanabili
1836 836 1880 892 al·

168 922 341 996 exponenda
356 923 413 979 lide
437 925 569 992 modum,
585 941 690 999 nempe
709 929 773 982 tum
789 924 995 1000 symbolicum,
1050 925 1157 994 illotus,
1173 925 1203 980 in
1219 924 1350 981 Montani
1375 927 1473 997 partes
1488 923 1654 992 desciissct,
1678 925 1788 981 nedum
1807 924 1881 994 nihil

169 1026 227 1082 quo
256 1009 430 1082 gravissima
458 1011 526 1068 fidei
556 1012 703 1084 dogmata,
729 1029 860 1069 connexa
882 1012 994 1085 paucis,
1050 1013 1086 1071 ab
1098 1014 1210 1086 impetu
1226 1013 1399 1082 remitteret,
1415 1013 1513 1070 acrius
1529 1029 1594 1070 sese
1609 1013 1645 1069 ad
1661 1011 1764 1086 prelia
1779 1012 1877 1070 accin-

169 1099 306 1156 continuo
322 1097 484 1155 recitantur
497 1125 504 1168 ς
519 1105 583 1156 tum
600 1099 790 1172 polemicum,
806 1101 842 1157 ad
858 1100 996 1158 retellen·
1049 1105 1092 1160 xit
1113 1119 1147 1159 ac
1160 1103 1217 1159 sibi
1240 1102 1348 1160 dixisse
1364 1102 1445 1160 visus
1468 1107 1514 1160 est
1530 1120 1537 1158 :
1553 1101 1602 1158 Vn
1620 1101 1692 1158 mihi
1719 1103 1745 1159 si
1760 1119 1818 1158 non
1833 1102 1876 1159 di·

167 1189 221 1243 dos
236 1186 375 1258 Gentiles,
397 1187 525 1256 Judeos,
541 1195 593 1246 aut
618 1189 769 1246 hereticos
792 1191 996 1247 accommoda·
1050 1191 1215 1249 micavcrol

165 1280 230 1332 tum
244 1294 251 1346 ;
265 1279 330 1334 tum
343 1276 541 1334 discursivum
558 1295 609 1335 eeu
635 1279 859 1348 outeohetioum,
877 1278 927 1352 qui
943 1295 995 1352 pro
1085 1281 1202 1337 Primus
1214 1279 1321 1337 iterum
1336 1279 1384 1336 hio
1400 1278 1513 1336 Latinis
1526 1278 1650 1336 auribus
1665 1278 1746 1336 dedit
1758 1276 1877 1336 auscul-

165 1364 399 1421 Ghristianorum
424 1363 556 1422 fldelium
581 1384 648 1438 usu,
673 1368 759 1424 modo
787 1384 891 1434 unum,
908 1369 994 1424 modo
1048 1371 1172 1426 tandum
1188 1385 1221 1426 no
1243 1368 1392 1426 luculento
1415 1385 1549 1426 sermone
1564 1368 1773 1425 concinnatum
1797 1368 1877 1424 dere

103 1455 113 1484 '
164 1453 289 1512 alterum
315 1454 442 1526 explicat
470 1455 610 1513 doctrinan
639 1462 796 1529 punctum,
826 1456 935 1513 mirum
963 1457 993 1514 in
1049 1458 1256 1531 dogmaticam
1273 1456 1876 1531 speciedistinotatractatum.rldeovero

165 1542 287 1599 modum
304 1543 374 1599 item
392 1543 496 1601 Noster
511 1543 743 1617 comprehendit.
1048 1546 1078 1604 in
1095 1546 1175 1604 hisee
1190 1547 1378 1620 dogmatibus
1393 1546 1517 1604 seorsim
1531 1545 1672 1619 sumptis,
1683 1543 1832 1612 excelluit,
1845 1545 1877 1598 ut

200 1633 251 1689 15
267 1636 340 1688 Nam
363 1638 422 1688 tres
437 1633 504 1689 fidei
528 1633 672 1690 formulae
696 1633 795 1706 habet,
811 1651 900 1691 unam
916 1651 993 1692 eem-
1048 1635 1144 1692 ausim
1160 1637 1266 1708 dicere,
1284 1635 1508 1692 decurrentibus
1530 1633 1562 1690 in
1583 1635 1762 1690 immensum
1778 1632 1876 1700 annis,

166 1739 223 1798 que
238 1723 400 1780 breviorem
416 1724 445 1779 in
466 1723 541 1780 libro
557 1726 594 1782 de
610 1727 773 1798 Virginitas
787 1726 910 1782 vetandis
924 1727 993 1799 (16),
1048 1724 1121 1780 nihil
1150 1725 1318 1782 adhucdum
1344 1724 1489 1797 prodiisse
1514 1724 1563 1797 qui
1589 1721 1763 1780 Tertulliani
1785 1719 1876 1778 libros

166 1813 288 1871 alteram
312 1813 476 1888 longiorem
504 1814 534 1872 iu
564 1817 826 1889 Praescripticne'hns
849 1817 994 1874 heretico·
1047 1813 1231 1884 decretione,
1248 1813 1492 1886 necopinantis
1515 1813 1693 1881 Paenitentia,
1710 1810 1876 1866 chatien·

165 1917 229 1959 ram
242 1905 310 1976 (17),
335 1904 453 1960 tertiam
478 1910 506 1962 et
532 1905 723 1964 recentiorem
748 1906 779 1963 in
795 1906 843 1962 lib.
866 1905 994 1964 mansus
1046 1903 1098 1972 tia,
1111 1906 1290 1975 caeterosque
1302 1918 1377 1974 quos
1393 1902 1575 1973 dogmaticos
1591 1899 1798 1956 inscribendos
1810 1914 1878 1954 cen·

166 1997 310 2050 Praxeam
325 1993 392 2065 (18).
1047 1992 1171 2063 suimus,
1188 2009 1344 2066 superesse
1359 1992 1462 2049 merito
1477 1990 1673 2049 existimetur.

202 2081 316 2138 Primus
341 2081 418 2139 inter
440 2083 571 2153 Latinos,
597 2083 743 2157 quoslihet
771 2085 920 2142 nascentis
944 2089 993 2141 Ec·
1082 2069 1198 2138 luteres
1212 2081 1290 2138 hand
1306 2082 1420 2138 intloias
1435 2081 1482 2138 ibo
1505 2080 1550 2138 vel
1576 2079 1687 2152 optima
1701 2076 1876 2135 Tertulliani

165 2170 261 2228 clasiae
289 2171 389 2228 hostes
416 2172 567 2243 polemicis
596 2178 624 2230 et
653 2173 840 2247 apologeticis
875 2174 994 2248 scriptis
1047 2170 1239 2243 scriptahinc
1261 2171 1371 2227 atinde
1394 2169 1520 2244 plurimo
1546 2167 1713 2242 sphalmata
1728 2167 1875 2234 laborare,

164 2265 391 2332 aggressusest.
415 2261 563 2319 Adversus
584 2262 663 2319 enim
688 2267 789 2335 gentes
804 2263 924 2335 scripsit
945 2279 992 2318 ee·
1048 2259 1141 2315 multe
1155 2258 1219 2316 labe
1241 2276 1386 2316 venenosa
1410 2258 1523 2315 landari.
1545 2258 1614 2322 oues
1639 2272 1706 2313 cum
1721 2255 1877 2328 optimust

164 2353 244 2420 ptem
260 2363 334 2420 quos
350 2348 559 2421 inscripsimus
573 2351 765 2424 Apologeticoe
780 2350 876 2422 libros,
889 2367 993 2424 nempe
1047 2346 1167 2404 salutari
1184 2347 1314 2405 antidoto
1329 2347 1517 2421 aliquatenus
1532 2349 1645 2412 saneta,
1660 2344 1760 2402 videas
1774 2341 1873 2414 velim,

164 2437 239 2494 duos
254 2436 345 2493 libros
359 2437 395 2493 od
409 2439 551 2504 Nationes,
567 2442 597 2495 et
620 2441 825 2511 Apotopeticnm
839 2456 993 2513 magnum,
1047 2453 1082 2494 ex
1097 2437 1147 2493 te
1163 2453 1251 2510 opera
1274 2442 1403 2494 veterum
1417 2437 1565 2493 editorum
1589 2434 1697 2492 iterum
1719 2433 1873 2505 recensita,

164 2527 244 2584 huno
259 2527 294 2583 ad
310 2527 460 2600 praesides,
475 2527 542 2585 illos
557 2529 593 2585 ad
617 2529 731 2600 plebem
748 2530 893 2598 directos;
909 2530 992 2598 item,
1047 2527 1084 2583 ed
1099 2527 1223 2583 frontem
1239 2527 1361 2598 hujusce
1376 2526 1448 2582 tomi
1464 2525 1561 2582 allixe.

164 2615 198 2670 de
227 2617 388 2672 Testimonio
417 2619 531 2688 antnrae,
560 2635 611 2674 seu
638 2617 816 2691 apologetici
842 2623 931 2690 eaput
960 2617 993 2672 17
1082 2615 1179 2671 Altera
1207 2620 1305 2670 manet
1332 2615 1483 2687 integrior,
1514 2629 1568 2670 nec
1596 2611 1670 2670 satia
1698 2610 1874 2668 celebranda

154 2703 286 2760 'uberius
310 2707 489 2775 tractetum3
514 2709 543 2761 et
560 2706 664 2763 librum
688 2707 724 2762 od
747 2707 908 2780 Scopulum,
934 2722 992 2779 qun
1047 2702 1220 2760 Tertulliani
1236 2702 1310 2775 laus,
1327 2703 1448 2760 moralia
1464 2718 1570 2776 nempe
1591 2719 1625 2759 ec
1641 2700 1825 2774 peraenetica,
1840 2713 1875 2755 ex

164 2792 201 2848 de
217 2791 328 2863 injusta
341 2807 376 2850 ec
399 2792 511 2849 crudeli
534 2796 737 2865 persecutione
761 2796 950 2869 conqueritur
963 2799 993 2852 et
1047 2792 1228 2865 multiscius
1243 2794 1426 2850 desumenda
1449 2791 1546 2860 libris,
1563 2793 1600 2848 ed
1624 2807 1722 2848 mores
1735 2787 1875 2846 Christia-
1900 2817 1905 2834 ·

164 2877 399 2938 christianorum
424 2881 548 2936 virtutes
571 2880 709 2938 laudibus
733 2883 816 2939 etlert
845 2899 851 2937 :
881 2882 992 2956 quihus
1046 2897 1100 2938 nos
1115 2882 1340 2954 pertinentibus.
1356 2883 1485 2948 Quorum
1497 2881 1660 2954 duplexsst
1672 2875 1875 2948 series:prior

164 2967 318 3037 accedunt,
334 2968 369 3023 ad
385 2968 525 3042 ltartyrer
540 2969 675 3043 apologia
689 2971 724 3028 de
740 2969 872 3044 martyrii
887 2971 991 3044 gloria,
1045 2975 1112 3028 anm
1123 2973 1340 3045 susceptumsb
1351 2977 1468 3029 auctore
1477 2969 1715 3033 Montanismum,
1729 2963 1872 3038 posterior

164 3058 200 3114 ad
225 3055 408 3113 Christianos
429 3059 463 3114 de
487 3057 654 3130 Spectaculis
677 3058 862 3116 ethnicorum
878 3061 992 3132 lugien·
1045 3060 1082 3117 ab
1097 3077 1131 3116 eo
1142 3061 1205 3133 Jam
1220 3060 1399 3117 Montanista
1422 3059 1579 3130 descripta.
1597 3057 1684 3112 Porro
1700 3054 1730 3109 in
1746 3056 1871 3124 utraque

163 3145 211 3202 dis
226 3144 402 3212 dehortatio,
419 3146 455 3201 ad
470 3162 573 3204 omnes
597 3145 657 3204 sive
672 3147 779 3204 Ghristi
794 3148 854 3204 sive
869 3148 991 3204 deorum
1045 3151 1080 3206 ad
1097 3151 1196 3206 vivum
1206 3149 1379 3220 exprimitur
1389 3147 1454 3203 vite
1464 3146 1634 3202 Christiane
1645 3139 1798 3213 speculum
1809 3140 1872 3197 sive

164 3232 292 3290 cultores
306 3233 340 3289 de
354 3234 518 3292 idolotatria
528 3240 556 3292 et
565 3235 669 3316 grandi
682 3234 772 3308 hujus
784 3234 917 3292 criminis
927 3221 1030 3308 gra-C
1049 3237 1080 3293 in
1107 3237 1171 3308 ejus
1199 3238 1278 3293 tonte
1306 3234 1438 3307 perenni,
1466 3233 1598 3289 oratione
1623 3230 1736 3303 privata
1763 3233 1793 3285 et
1816 3245 1871 3302 pu-

165 3322 266 3378 vitate.
1045 3324 1122 3382 hlica
1136 3326 1202 3399 (21),
1225 3325 1287 3382 sive
1309 3323 1339 3379 in
1354 3323 1418 3394 ejus
1442 3321 1561 3378 liuentis
1579 3317 1746 3387 uberrimis,
1772 3334 1871 3374 sacra·

200 3411 311 3468 Justini
336 3411 515 3485 philosophi,
528 3413 629 3471 irenei
650 3415 787 3484 martyris
811 3416 841 3470 et
864 3411 990 3471 aliorum
1045 3415 1155 3470 montis
1169 3429 1274 3485 nempe
1295 3413 1361 3484 (22),
1376 3409 1483 3467 sivein
1498 3409 1593 3481 ipsius
1609 3407 1723 3464 actibus
1739 3423 1871 3464 eommu-

166 3516 293 3574 quorum
316 3501 437 3558 nomina
457 3501 522 3574 ipse
535 3519 595 3575 prae
609 3519 641 3560 se
655 3503 723 3573 lert,
739 3503 861 3576 vestigia
875 3503 990 3560 insecu-
1043 3504 1132 3560 nibus
1146 3503 1203 3576 (23)
1219 3505 1270 3558 aut
1286 3497 1621 3573 praestantissimam),
1638 3499 1699 3554 sive
1720 3496 1751 3552 in
1766 3496 1873 3553 ritibus

166 3594 226 3661 tus,
242 3588 353 3646 iudeis
378 3589 547 3648 Messiama
572 3591 722 3665 prophetis
746 3593 918 3665 pradictum
939 3592 991 3649 ad·
1045 3592 1190 3666 liturgicis
1204 3590 1255 3664 qui
1270 3592 1297 3647 ei
1319 3593 1470 3646 externam
1499 3588 1624 3644 termam
1649 3584 1781 3642 alliciunt
1795 3585 1871 3657 (25);

164 3679 283 3736 venisse
297 3680 547 3753 demonstratus)
560 3698 567 3749 ;
581 3696 742 3754 omnesque
757 3681 917 3752 hereticos,
929 3685 992 3738 tum
1045 3681 1105 3738 sive
1119 3682 1149 3736 in
1164 3678 1291 3736 vitandis
1309 3677 1359 3734 uhi
1384 3676 1566 3750 periclitatur
1589 3675 1689 3732 anima
1702 3674 1874 3731 christiana

168 3767 330 3842 generatim
357 3768 386 3824 in
417 3770 688 3843 Presseriptionibca‚
718 3787 754 3828 ne
780 3771 844 3844 ipso
872 3769 991 3843 quidem
1045 3771 1160 3837 mundi,
1185 3769 1318 3825 carnisve
1341 3766 1486 3824 illecebris
1505 3765 1573 3839 (26),
1599 3772 1651 3821 aut
1671 3761 1870 3835 suscipiendis

165 3856 305 3914 Montano
320 3857 659 3932 excepto,jugulat,tum
671 3859 836 3932 speciatim,
848 3859 992 3932 singulari
1045 3860 1125 3917 unde
1155 3874 1189 3916 ee
1215 3856 1358 3915 reviviscit
1390 3845 1529 3928 operibus
1558 3855 1624 3926 (27),
1654 3858 1705 3909 aut
1732 3851 1869 3908 obeunda

164 3945 424 4018 quaslcertamine
450 3947 589 4005 confodit.
617 3948 690 4004 Hinc
707 3948 786 4004 enim
809 3947 991 4005 inconditam
1045 3965 1104 4020 qua
1126 3946 1304 4018 glorificatur
1332 3943 1464 4018 martyrii
1491 3946 1612 3999 cruente
1637 3940 1770 4012 palestra
1799 3939 1866 4010 (28).

164 4033 370 4091 Gnosticorum
398 4039 544 4092 catervam
570 4037 666 4094 decies
690 4037 826 4108 exagitat,
850 4036 939 4092 vincit
964 4042 992 4093 et
1044 4035 1186 4108 Equidem
1201 4026 1864 4102 inhistractandial'requentiusultralimites

165 4122 321 4180 contundit
354 4124 422 4198 (20),
461 4143 514 4182 neo
547 4124 623 4182 hanc
659 4126 763 4196 eciem,
796 4129 829 4182 ut
864 4125 988 4194 videtur,
1044 4125 1187 4197 legitimos
1202 4122 1347 4195 abripitur
1361 4119 1483 4194 rigidior
1501 4117 1684 4175 Montaniste
1700 4115 1866 4188 asperitss;

164 4210 221 4269 nisi
253 4211 338 4269 hoste
372 4214 437 4271 lusu
466 4215 635 4288 fugatoque,
669 4213 712 4271 vel
748 4213 888 4271 emeritus
915 4218 991 4270 vete·
1044 4220 1074 4272 at
1088 4218 1173 4270 oaute
1193 4211 1285 4268 errori
1310 4209 1414 4267 latenti
1436 4209 1467 4264 in
1483 4208 1591 4265 nostris
1615 4205 1700 4262 libris
1716 4204 1865 4278 provisum

163 4315 315 4373 ranueque
340 4299 436 4369 miles,
461 4302 599 4359 deseruit.
624 4303 763 4361 Praxeam
786 4301 917 4375 insuper,
938 4302 989 4374 qui
1042 4308 1098 4359 est.
1128 4301 1267 4358 Praeterea
1292 4297 1410 4357 nonnisi
1438 4295 1652 4355 effervescentis
1680 4291 1802 4366 ingenii,
1830 4293 1867 4348 ad

161 4387 255 4445 Deum
271 4405 375 4462 unum,
392 4391 441 4448 sed
459 4407 519 4449 non
543 4391 667 4460 trinum,
683 4391 844 4462 asserebat,
861 4405 988 4450 necnon
1042 4389 1357 4464 megnaexritantisao
1372 4400 1559 4446 communem
1572 4384 1727 4442 hominum
1745 4381 1865 4438 modum

161 4477 389 4551 othlonianum,
405 4480 442 4536 ad
465 4496 554 4553 quem
576 4479 782 4537 miserabiliter
803 4479 918 4552 deiecit,
933 4496 987 4553 op·
1042 4479 1218 4552 excedentis,
1232 4477 1363 4552 impetus
1377 4477 1550 4550 plerumque
1563 4473 1713 4532 notandus
1727 4474 1782 4528 est.

194 4671 252 4744 (11)
266 4671 308 4730 ct.
332 4672 399 4732 Joh.
421 4680 493 4731 Dan.
520 4675 689 4733 Schumann
712 4675 791 4733 Otes.
817 4676 847 4730 in
870 4678 984 4733 veterib.
1040 4679 1115 4734 deor
1128 4675 1230 4747 disput.
1249 4673 1340 4730 tund.
1357 4670 1442 4729 Goth.
1456 4671 1536 4735 1821),
1552 4669 1639 4726 in·l⁰.

157 4744 260 4800 Bootes.
283 4747 413 4818 sempter.
438 4763 510 4819 spec.
533 4748 569 4804 llI
591 4755 619 4804 et
641 4747 678 4802 lV
698 4746 794 4804 οιτον).
810 4748 846 4804 de
868 4740 1024 4820 intereo-ll
1076 4749 1133 4822 (20)
1148 4749 1180 4804 ln
1195 4746 1263 4802 libr.
1285 4745 1435 4816 Scorpion,
1458 4745 1522 4800 adu.
1545 4740 1693 4808 Gnostiaoe,
1720 4737 1781 4794 adu.
1797 4737 1866 4820 ller-

158 4815 258 4882 latiore,
295 4817 445 4902 aihandans
470 4818 652 4876 dedititii.
677 4818 866 4875 Tertuttioneo
889 4836 985 4893 perpe·
1040 4835 1158 4890 menen„
1190 4818 1252 4875 adu.
1287 4817 1417 4873 tlercion.
1446 4815 1551 4900 vif*
1577 4813 1709 4870 aduersae
1743 4809 1866 4892 Valente-

157 4889 269 4959 mm‘ll
286 4896 336 4944 ⁶²1⁸
359 4897 525 4974 willeffttt'ss·
551 4891 674 4976 flamv-
697 4890 780 4972 1776,
797 4891 877 4956 1777,
892 4893 933 4976 10.
949 4923 985 4933 -
1039 4895 1169 4976 nianos,·
1197 4921 1232 4930 -
1259 4887 1292 4946 da
1321 4887 1409 4945 Conse
1435 4887 1537 4945 Christe
1563 4905 1573 4954 ,·
1600 4885 1633 4942 de
1659 4883 1866 4940 Resurrectione

157 4961 187 5014 c.
204 4961 250 5013 W.
270 4957 314 5014 Pr.
331 4957 459 5045 Walchu
473 4963 506 5018 da
522 4961 665 5018 arethentm
679 4961 779 5018 libror.
796 4962 896 5045 trenna
911 4979 983 5019 con·
1037 4980 1140 5022 carnea
1343 5033 1349 5044 ι

157 5029 320 5113 treJ3Sat.
336 5030 421 5087 Semi.
438 5049 469 5088 m
484 5048 567 5090 novv.
593 5037 764 5089 commenti.
780 5039 882 5090 societ.
898 5035 983 5108 regin
1083 5037 1116 5090 2l
1145 5035 1206 5118 Lib.
1222 5031 1255 5088 de
1270 5031 1406 5115 Oratione.
1577 5101 1582 5112 Ι
1650 5099 1655 5110 ¹

157 5102 272 5160 Goettrn
297 5104 342 5157 .t.
360 5103 393 5171 V,
410 5121 472 5188 par.
489 5121 520 5172 11,
537 5104 608 5188 p.·3.
745 5173 750 5186 Ι
1059 5182 1063 5192 ¹
1084 5109 1119 5162 22
1145 5106 1206 5190 Lat.
1228 5102 1262 5159 de
1283 5106 1424 5189 baptismo
1442 5102 1480 5185 ,de
1502 5101 1683 5182 Paenitentia,
1706 5094 1863 5181 dedecte-

192 5172 273 5298 (15))5
299 5173 318 5228 1.
345 5190 410 5262 quae
431 5175 506 5234 rnlra
529 5176 624 5232 obiter
648 5178 886 5246 perstringuntur
908 5180 929 5232 t.
958 5179 981 5246 l,
1036 5189 1138 5246 nstra,-
1155 5177 1205 5233 tat.
1221 5175 1255 5230 de
1274 5173 1371 5232 Conon.
1387 5174 1479 5242 tntu,
1502 5173 1538 5230 dc
1552 5173 1748 5232 llotrrneoneo5
1764 5165 1864 5223 iahad

154 5245 379 5458 ξ5(1,655ἔ.5ξ6ξῗ
389 5252 455 5376 ggii,
483 5253 504 5305 t·
523 5249 556 5320 Μ’
571 5263 636 5321 pag·
659 5247 724 5316 548,
749 5247 813 5315 549⁹
837 5247 902 5317 551³
917 5249 980 5322 552⁹
1038 5254 1125 5464 1133}
1142 5319 1182 5447 ge
1197 5317 1347 5444 (ἰοίίοηὶίο),
1362 5315 1396 5372 de
1409 5315 1493 5373 Gutta
1505 5313 1640 5387 seminar.

285 5403 333 5459 sp.
369 5430 376 5444 .
1165 5407 1180 5446 e
1223 5404 1277 5458 erp.
1293 5403 1346 5444 ue.

190 5458 236 5530 (17
264 5459 333 5532 Gap.
349 5460 392 5517 13.
1082 5466 1117 5520 25
1143 5459 1275 5519 Delirat.

193 5531 238 5600 (18
262 5529 332 5603 Gap.
347 5533 375 5588 2.
1081 5539 1117 5592 26
1142 5532 1316 5604 Daspetiac.

190 5603 247 5674 (19)
261 5602 302 5658 Gi.
332 5603 366 5660 G.
400 5605 433 5661 Η.
467 5604 675 5679 Schellenherg
705 5609 850 5662 comment.
878 5605 979 5664 Acoue-
1068 5609 1115 5750 (27
1142 5611 1180 5662 tte
1194 5602 1350 5666 Paeniteat..
1366 5601 1403 5656 de
1415 5599 1506 5672 tejnn.

154 5677 218 5731 mic.
241 5673 274 5732 da
295 5675 412 5748 teatino,
438 5677 605 5736 Tertulliano
633 5685 660 5736 et
680 5677 820 5750 Cypriane
841 5675 906 5735 edu.
926 5679 978 5736 ln·
1079 5680 1115 5735 28
1139 5675 1180 5735 Ad
1193 5675 1325 5745 Modura,
1342 5671 1435 5745 Scorp.
