4102 6178
154 319 232 432 lere

625 365 663 428 D.
684 368 735 430 Lu
756 367 919 433 NOURRY
940 365 1261 438 ousnuvtulonns
1283 367 1415 434 NOVAE.

1779 371 1858 436 1011

150 501 328 576 (hieronym.
344 499 398 556 lih.
413 515 434 558 u
450 499 511 558 ede.
529 501 562 558 tc
585 500 645 558 cie.
671 515 739 575 pag.
754 493 828 573 ¹203,
844 503 874 558 et
885 500 975 575 epist.
991 501 1018 570 Α
1034 517 1093 574 qno
1108 499 1309 576 importunius
1325 500 1434 563 ethnici
1449 499 1601 562 clamitare
1613 501 1748 577 solebant
1761 503 1859 579 philo·

148 592 195 660 55,
210 589 246 648 cd
260 589 406 660 attacum.
424 607 489 664 pag.
505 587 580 663 580).
606 589 678 655 Ouia
704 594 803 647 eutem
819 589 905 648 iaetle
920 589 978 648 sihi

151 678 322 755 persuaderi
339 695 396 738 eon
412 679 491 738 sinet
504 679 703 738 Democritum
729 694 821 737 unum
837 679 929 738 tuisse
943 694 978 738 ex

151 770 199 828 his
214 768 409 844 philosophis,
425 784 460 827 ae
474 768 598 826 iorsitan
618 767 820 842 precipuum?

186 858 325 926 Quamvis
340 859 440 932 itaque
455 858 577 931 quidam
600 859 637 916 de
657 859 824 918 voluntaria
842 861 908 932 elue
922 876 977 916 cae·

150 951 239 1006 citata
254 947 405 1006 dubitasse
418 948 582 1019 viduantur,
599 947 698 1020 plnres
714 952 813 1006 temen
837 947 918 1006 illius
933 952 977 1006 te·

148 1043 211 1096 stes
226 1037 392 1095 citavimus.
407 1041 446 1094 dt
457 1041 534 1095 eerte
544 1036 630 1111 longe
642 1037 795 1111 pauciores
807 1041 975 1111 occurrunt,

147 1128 200 1202 qni
215 1129 351 1186 eumdem
376 1127 577 1186 Democritum
593 1125 698 1195 oculis,
714 1143 751 1184 ne
766 1128 893 1186 laminas
907 1144 976 1185 eon-

150 1217 326 1291 cupiseeret,
340 1216 472 1291 seipsum
489 1216 620 1289 privasse
642 1216 806 1289 perhibent.
823 1217 976 1290 llxpendes

148 1310 249 1365 tamen
264 1306 351 1364 velim
367 1310 467 1364 utrum
483 1306 622 1379 Sophiste
643 1305 790 1366 Himerius
806 1307 883 1379 apud
900 1306 975 1365 Pho-

147 1395 225 1454 tium
240 1394 315 1452 illud
343 1395 424 1454 hisce
449 1395 545 1452 verbis
565 1411 624 1452 nce
639 1395 827 1454 indicaverit:
844 1395 929 1452 ’usur
946 1392 976 1452 e

145 1482 234 1540 lutose
250 1488 330 1557 σῶμα
345 1481 520 1559 Δημόκριτος
547 1483 594 1540 ἳνα
624 1482 730 1560 ὑγιαίνῃ
758 1483 793 1540 ed
819 1485 972 1562 κρείττονα·

1033 589 1143 665 sophos
1158 607 1259 664 parem
1275 595 1364 665 atque
1382 590 1565 650 Christianos
1588 593 1712 666 profiteri
1725 593 1858 654 lauceae·

1033 683 1113 749 tiem,
1139 680 1286 753 iustitium,
1317 683 1498 754 petentium,
1527 681 1703 740 sobrictatem
1725 683 1856 758 (Tertull.

1033 771 1169 843 Apotcoct.
1186 787 1249 844 cap.
1266 771 1311 838 ld,
1327 785 1395 844 pag.
1409 771 1484 843 500).
1501 770 1574 828 Nam
1586 770 1729 845 utplures
1743 773 1858 834 emltts·

1032 874 1111 928 mus,
1126 860 1229 918 eodem
1244 860 1344 918 Celsus
1359 859 1447 916 modo
1471 863 1573 918 contra
1596 859 1777 920 Christianos
1795 863 1856 922 dle·

1031 948 1155 1022 putabat
1168 947 1259 1023 (Orig.
1275 949 1325 1006 lih.
1341 965 1351 1006 r
1367 949 1460 1006 Cectr.
1477 947 1545 1008 dcte.
1561 966 1628 1025 peg.
1643 951 1682 1024 0).
1694 949 1773 1008 Ν1111
1788 955 1855 1012 novi

1031 1037 1216 1106 aiebat,eihil
1227 1038 1326 1112 magni
1337 1039 1372 1095 de
1384 1039 1517 1119 moribus
1527 1037 1689 1098 christiane
1699 1040 1855 1116 disciplina

1031 1126 1142 1201 attulit,
1157 1128 1235 1202 quod
1251 1143 1319 1184 oum
1345 1125 1411 1184 aliis
1440 1127 1571 1200 antiquis
1597 1127 1781 1205 philosophis
1795 1147 1855 1190 nors

1030 1217 1118 1276 tuerit
1133 1233 1301 1289 commune,
1316 1221 1346 1275 et
1359 1218 1397 1274 ah
1412 1217 1454 1276 eis
1469 1218 1621 1276 traditum.

1064 1306 1264 1365 Tertullianus
1277 1307 1369 1382 igitur
1382 1306 1517 1365 ethnicos
1530 1307 1561 1364 id
1581 1305 1752 1381 objicientes
1766 1325 1853 1385 gene·

1029 1396 1083 1453 rali
1098 1398 1227 1470 primum
1242 1396 1355 1456 ratione
1370 1395 1476 1453 refellit
1488 1400 1518 1454 et
1532 1401 1690 1471 expugnet.
1706 1399 1736 1456 Si
1750 1399 1851 1474 iidem,

1028 1485 1137 1559 inquit,
1153 1487 1212 1544 sint
1228 1485 1472 1560 philosophorum
1488 1503 1522 1544 ac
1539 1486 1773 1546 Christianorum
1789 1505 1853 1548 mc·

145 1575 310 1632 Voluntaria
324 1575 496 1632 Democritus
517 1573 610 1632 morto
632 1590 731 1647 eorpus
751 1575 852 1648 ademi,
874 1579 904 1632 ut
924 1591 974 1648 pc·
1029 1591 1086 1646 res,
1102 1577 1271 1648 sedemque
1285 1577 1420 1646 virtutes,
1446 1576 1564 1649 utrique
1591 1578 1720 1650 prolecto
1745 1578 1854 1638 debent

139 1665 204 1720 tior
214 1679 281 1737 pers
292 1680 362 1722 reue
376 1671 444 1721 esset
458 1663 583 1737 (Plotius
597 1663 728 1721 Dilliott.
745 1665 809 1722 ced.
825 1665 889 1735 213,
905 1681 972 1738 pag.
1028 1665 1162 1722 eamdem
1177 1665 1285 1722 hahere
1300 1664 1468 1738 prodtsndu
1491 1664 1641 1739 religionis
1653 1684 1713 1725 aue
1730 1667 1852 1727 iaculta·

145 1752 240 1826 1087).
257 1753 359 1812 Nonne
382 1753 461 1811 enim
490 1753 546 1810 hoe
573 1753 701 1826 generali
731 1753 871 1826 loquendi
887 1755 973 1812 modo
1027 1757 1098 1811 tem.
1115 1752 1174 1810 Gur
1189 1769 1258 1828 ergo
1286 1753 1455 1824 Christiani,
1481 1770 1540 1812 non
1555 1758 1654 1812 autem
1669 1755 1848 1831 philosophi,

145 1847 344 1916 spontaneam
360 1842 525 1916 designavit
548 1841 630 1900 illius
657 1843 908 1917 cautelamque
921 1859 972 1901 ro·
1028 1842 1096 1916 diis,
1112 1843 1190 1901 sieut
1216 1840 1294 1901 inira
1321 1841 1516 1917 explicabitur
1541 1843 1673 1918 (tertull.
1703 1845 1758 1902 loc.
1774 1846 1849 1921 eit),

144 1931 399 2002 lueratanimum,
416 1931 888 2005 potioremsuipartem,eenere?
903 1933 974 1992 Utut
1026 1934 1184 2006 amrificcrc
1199 1939 1250 1990 aaut
1264 1933 1398 2007 dejerare,
1422 1941 1472 1991 cut
1495 1933 1623 1992 luemus
1635 1934 1852 1995 meridicucaes
1932 1930 1937 1939 ’

142 2021 195 2088 sit,
209 2026 286 2080 certe
301 2021 462 2080 christiani
478 2021 642 2079 voluntaria
656 2021 828 2095 hujusmodi
843 2024 973 2082 caecitate
1024 2024 1149 2096 proferro
1163 2021 1321 2096 (Rigaltius
1335 2025 1437 2080 centra
1451 2022 1720 2098 manuscriptorum
1736 2027 1765 2083 et
1787 2025 1849 2084 adl-

144 2127 224 2185 epus
237 2127 295 2168 non
310 2111 468 2183 habehant,
481 2109 532 2185 qui
542 2110 641 2168 animo
652 2112 688 2168 ed
703 2111 972 2185 concupiscendum
1025 2114 1124 2169 terum
1139 2112 1275 2170 codicum
1302 2112 1390 2170 fldem
1414 2111 1596 2187 prostituere)
1620 2113 1850 2187 compelluntur?

144 2199 972 2273 ossei,ncnsclemprascriptemlegedivinaesstitatem
1027 2223 1042 2252 «
1057 2202 1115 2260 Gur
1134 2200 1314 2275 philosophi,
1340 2201 1436 2276 pergit
1458 2205 1562 2260 auctor
1584 2207 1694 2274 nester,
1718 2205 1788 2264 deos
1802 2221 1850 2264 ve·

143 2305 266 2348 summo
280 2289 377 2347 studio
392 2289 537 2358 colebant,
552 2289 604 2348 sed
620 2288 740 2363 plurimi
754 2291 853 2364 etism,
869 2308 972 2366 quem·
1025 2291 1104 2346 sires
1118 2288 1216 2363 palem
1240 2290 1408 2360 destruunt,
1427 2293 1456 2348 et
1472 2291 1723 2365 superstititiones
1736 2298 1850 2352 vestras

143 2380 308 2438 admodum
323 2378 412 2454 paulo
435 2383 503 2437 ante
528 2379 700 2437 dioehamus
727 2379 820 2454 (supr.
836 2381 892 2438 hoc
906 2397 971 2455 oap.
1026 2377 1246 2436 commentariis
1257 2379 1850 2452 quoqueaccusant,lsudantibusvohis?r
1920 2443 1927 2454 Ι

143 2471 201 2526 art.
217 2469 257 2540 1),
272 2471 333 2526 totc
347 2467 415 2526 vita
427 2484 488 2525 sue
503 2471 635 2542 tempere
648 2468 679 2525 in
700 2468 878 2542 virginitatis
893 2473 972 2530 statu
1026 2467 1111 2524 Tales
1126 2468 1236 2541 quippe
1250 2467 1372 2525 luerunt
1384 2468 1536 2542 Diagoras,
1557 2468 1740 2544 Theodorus,
1756 2475 1785 2530 et
1798 2472 1851 2530 Ni·

143 2573 335 2632 parseserare
350 2561 574 2615 consueverant.
1026 2573 1158 2631 angores,
1174 2558 1210 2614 de
1224 2557 1333 2631 quihus
1346 2556 1416 2615 elihi
1431 2557 1546 2631 egimus
1558 2558 1743 2630 (Dissertatio
1753 2562 1850 2620 Diuut.

181 2647 315 2720 Denique
342 2645 542 2704 Tertullianus
571 2645 680 2704 recenti
713 2645 812 2703 adhuc
838 2647 971 2722 exemplo
1026 2663 1090 2719 esp.
1105 2647 1152 2713 28,
1168 2650 1223 2704 ert.
1238 2649 1267 2715 2,
1282 2649 1313 2704 et
1326 2647 1472 2705 Dissertct.
1487 2662 1578 2720 cuper.
1595 2663 1660 2723 cap.
1676 2649 1719 2714 ll,
1736 2653 1792 2708 art.
1809 2653 1847 2724 1).

142 2735 254 2795 evincit
280 2736 462 2795 Christianos
491 2737 528 2793 de
557 2735 702 2793 servanda
729 2735 863 2795 castitate
889 2741 972 2796 tanto
1026 2735 1081 2793 Sed
1098 2736 1168 2808 quia
1183 2735 1232 2794 ille
1261 2735 1380 2809 adjacit,
1407 2737 1601 2794 tradentibus
1628 2739 1849 2811 uctdt't’ertull.

144 2825 391 2900 magisscllieitoa
403 2824 620 2898 inisse,quanto
632 2823 837 2898 impudentius
847 2825 972 2884 hecvir·
1025 2826 1169 2900 dpetepet.
1183 2841 1247 2899 cap.
1265 2825 1308 2893 14,
1333 2841 1400 2900 pag.
1424 2825 1499 2900 318),
1521 2827 1617 2900 magis
1632 2827 1753 2886 forsitan
1769 2829 1849 2890 indt-

143 2920 197 2972 tes
212 2915 249 2972 ah
264 2914 390 2973 ethnicis
401 2913 571 2973 ludebatur.
582 2914 668 2982 susi,
679 2930 789 2988 queso,
801 2915 909 2988 quihus
922 2915 972 2975 ille
1026 2931 1093 2974 care
1106 2916 1223 2972 videtur
1236 2919 1383 2974 socratem
1399 2915 1436 2973 ah
1451 2932 1485 2973 ec
1495 2916 1637 2990 proxime,
1649 2921 1679 2976 et
1688 2923 1784 2992 00100,
1799 2937 1850 2980 no-

143 3004 246 3062 serhis
260 3004 315 3062 hos
330 3003 474 3062 eastitatis
489 3019 590 3062 osores
604 3002 780 3077 alloquetur,
795 3006 971 3078 etexagitet.
1026 3006 1104 3064 mine
1127 3022 1181 3064 suc
1204 3004 1397 3079 appellatum,
1421 3008 1510 3078 etque
1533 3005 1704 3079 ilpieurum,
1726 3009 1849 3085 ejumua

148 3094 324 3166 tProxims,
339 3092 448 3167 inquit,
475 3094 512 3151 ad
536 3092 672 3150 lenonem
698 3094 867 3152 damnando
888 3095 971 3153 chri·
1026 3095 1182 3167 asseclam,
1197 3099 1226 3153 et
1239 3095 1448 3152 admiratorem
1465 3094 1644 3168 Lucretium,
1666 3101 1754 3172 atque
1767 3099 1848 3160 cica-
1918 3091 1921 3096 ¹

144 3184 287 3253 stianam,
299 3183 400 3256 potius
424 3199 514 3256 quem
542 3183 579 3240 ad
605 3181 729 3251 leonem,
758 3183 885 3242 eoniessi
900 3185 971 3242 estis
1026 3202 1139 3254 ronem,
1160 3201 1177 3242 a
1192 3201 1249 3258 quc
1263 3183 1418 3258 gentilium
1433 3183 1474 3241 dii
1488 3183 1520 3242 in
1530 3183 1593 3242 suis
1608 3186 1644 3243 de
1660 3185 1780 3246 illorum
1796 3205 1848 3248 na·

141 3274 242 3330 lahem
257 3272 403 3346 pudicitie
418 3271 497 3346 apud
511 3288 565 3329 nos
590 3271 761 3330 atrociorem
777 3273 858 3330 omni
873 3291 970 3347 prena,
986 3251 1008 3320 G
1026 3280 1094 3334 tura
1102 3273 1186 3332 libris
1201 3273 1333 3330 funditus
1345 3271 1499 3330 tolluntur.

142 3367 173 3420 et
188 3362 269 3420 omns
295 3367 389 3420 more
403 3361 533 3434 serutari
548 3383 563 3412 e
587 3360 720 3430 (saeuo.
744 3361 885 3435 0000·
906 3381 969 3439 sap.
1059 3387 1214 3439 clavero
1242 3383 1344 3438 auctor
1367 3388 1466 3438 nostor
1490 3381 1604 3438 reeicit
1626 3383 1707 3451 (reu.
1722 3397 1786 3457 rap.
1803 3385 1848 3454 cc,

141 3453 192 3520 50,
208 3467 278 3526 008·
292 3451 367 3524 5301·
383 3451 569 3523 onimium
593 3454 692 3508 00100)
721 3451 806 3509 00110
821 3453 971 3526 1000110100
1023 3488 1090 3547 pag.
1107 3471 1195 3546 500):
1211 3491 1226 3522 e
1242 3469 1474 3543 Superstitiosus
1489 3474 1602 3528 vestras
1616 3477 1767 3541 accusant,
1780 3495 1794 3523 e
1810 3473 1847 3532 ad

141 3541 184 3599 sit
199 3540 252 3598 illa
267 3539 561 3610 mulierGhristiaoe,
575 3539 741 3598 indubium
754 3543 852 3598 umen
869 3541 969 3601 nullus
1023 3562 1178 3627 swam,
1203 3575 1292 3634 quam
1317 3558 1401 3632 prius
1424 3557 1572 3626 citaverat,
1596 3559 1675 3617 haud
1699 3561 1788 3620 dubie
1802 3579 1848 3620 re·

140 3645 280 3724 revocure
294 3633 401 3704 pocae,
418 3629 545 3702 quinas,
557 3628 646 3702 oculo
657 3633 724 3687 rae
735 3628 922 3702 iniquissimo
936 3650 969 3690 cc
1023 3649 1127 3722 apae.
1144 3647 1187 3705 nc
1203 3648 1312 3721 quippe
1325 3647 1426 3716 ticam,
1439 3646 1638 3722 inquirere.)
1652 3665 1715 3723 rap.
1735 3651 1845 3726 rapag.

138 3718 318 3793 1000100100
330 3718 444 3791 1001010
459 3719 496 3776 00
520 3717 657 3792 1000000,
681 3718 732 3775 uhi
747 3719 969 3793 0001010100100
1021 3739 1096 3812 337),
1111 3738 1216 3807 sestis,
1229 3736 1280 3810 qui
1292 3737 1433 3794 Senecam
1444 3735 1573 3810 aliquem
1583 3736 1847 3810 pluribusetama·

138 3808 639 3884 0100800000000100000010011·
662 3809 699 3864 01
721 3823 780 3864 000
797 3808 968 3867 00101100·
1023 3829 1150 3886 rioribus
1167 3828 1202 3884 de
1216 3829 1314 3882 vestra
1337 3825 1546 3899 superstitione
1568 3832 1754 3899 perorantem
1775 3846 1844 3903 pre·

139 3904 208 3958 tum
224 3895 718 3970 0101101ῑῦ»0000110100111001001
734 3897 900 3956 0010101010
914 3899 968 3956 im·
1022 3917 1109 3975 hatis.
1124 3935 1140 3970 c
1155 3917 1223 3982 Qua
1238 3914 1358 3988 quidem
1370 3914 1487 3971 800000
1500 3915 1589 3972 verbs
1602 3914 1673 3973 allbi
1688 3916 1845 3977 retulimus

138 3987 315 4064 probissimi
330 3987 467 4045 homines
481 3986 609 4045 ludibrio
625 3985 802 4043 hahuerunt.
814 3985 967 4044 Neminem
1022 4010 1109 4078 „qua
1125 4005 1201 4061 infr,
1214 4003 1312 4061 ,phun
1326 4018 1441 4078 „noque
1455 4003 1518 4060 1000
1532 4003 1707 4076 pmrgmd,
1721 4009 1801 4062 gunt,

139 4083 242 4138 “uum
258 4093 323 4136 ⁰⁸⁸⁰
337 4082 489 4152 pummm'
505 4076 556 4148 qni
571 4075 602 4131 in
613 4075 694 4134 3⁰5⁸
706 4079 868 4148 myrum
883 4075 969 4150 9¹⁰³
1056 4111 1131 4179 Quin
1155 4111 1255 4182 etiam,
1272 4110 1349 4182 quod
1364 4109 1497 4182 plerique,
1523 4108 1565 4166 ait
1579 4109 1675 4167 adhuc
1687 4110 1845 4170 lamellis·

134 4170 260 4228 fflmm
271 4165 405 4241 ‘mmm‘
418 4182 478 4226 ¹¹⁰⁰
492 4164 605 4239 ¹⁰⁸⁰‘st'
1020 4219 1077 4259 nus
1092 4201 1178 4272 (ibid.
1194 4216 1260 4273 cap.
1277 4200 1321 4271 16,
1342 4215 1409 4271 pag.
1431 4199 1508 4272 500),
1521 4198 1677 4272 philesophi
1691 4202 1720 4256 in
1733 4200 1845 4274 purae

448 4308 564 4366 CAPUT
583 4307 656 4366 xm,
1019 4293 1197 4366 portstraet.
1222 4293 1255 4346 ln
1270 4288 1400 4361 quodam
1413 4285 1556 4346 Vaticano
1584 4285 1683 4346 codice
1697 4288 1842 4362 scriptum
1883 4347 1885 4352 ,

135 4406 229 4476 Quam
252 4401 367 4458 ,mm
391 4398 497 4457 ,thnici
524 4397 693 4466 jactaverint
717 4413 798 4470 pm,
824 4414 880 4455 05„
895 4399 966 4456 ap„
1019 4382 1159 4438 notarunt
1173 4380 1315 4446 immacu
1335 4376 1385 4432 sed
1405 4377 1504 4433 minus
1518 4375 1603 4432 hene.
1618 4375 1692 4433 Nam
1707 4376 1743 4434 de
1757 4376 1844 4435 indu·

169 4471 400 4549 philosophorum
423 4486 537 4528 cuorum
559 4473 639 4542 etque
664 4469 884 4527 ltcurcuecrcm
908 4472 966 4527 cir·
1019 4471 1091 4528 stria
1114 4468 1224 4526 dixisse
1248 4467 1364 4523 videtur
1389 4464 1505 4533 totrcut,
1531 4465 1645 4538 hocque
1668 4465 1756 4524 verbe
1776 4481 1842 4540 per·

143 4551 146 4556 ’
170 4553 267 4617 000001
282 4543 459 4630 0010000000
482 4541 665 4599 1000100000
680 4545 736 4598 0001
759 4541 862 4600 000000
876 4557 964 4615 00000,
1018 4558 1162 4634 stringere
1173 4553 1621 4631 cynicoslmparatorsiquidem
1630 4554 1842 4630 Vespasianus,

169 4635 261 4692 mm
275 4618 390 4675 “mm
403 4617 488 4688 sm
503 4629 563 4671 ‘⁸⁸⁶
575 4614 757 4671 “mmm‘'
902 4705 906 4708 ,
977 4625 1002 4692 Ῑ)
1020 4651 1093 4706 teste
1107 4646 1256 4718 Suetonio,
1283 4666 1298 4696 e
1321 4643 1503 4702 Demetrium
1526 4643 1677 4718 cynicum,
1691 4645 1722 4703 in
1737 4644 1842 4704 itinere

401 4745 562 4790 remouens
581 4743 704 4787 100008.
1018 4737 1136 4794 obvium
1165 4735 1222 4792 sibi
1259 4738 1327 4807 post
1361 4733 1593 4804 damnationem,
1623 4747 1656 4792 ac
1684 4736 1718 4790 ut
1745 4748 1842 4808 neque

133 4829 226 4898 Quem
241 4823 389 4880 immeritis
404 4819 545 4886 leudibus,
567 4820 676 4884 statuis,
693 4819 849 4875 stratoriis
863 4818 965 4876 ethnici
1018 4840 1183 4898 assurgere,
1208 4837 1302 4896 neque
1331 4822 1462 4880 salutare
1489 4836 1522 4880 se
1549 4821 1731 4898 dignantem,
1759 4822 1841 4882 obla.

171 4897 391 4954 remuneremini
404 4891 585 4980 0000001000οι
602 4891 651 4976 qui
667 4899 761 4963 ’00000
773 4906 825 4948 000
839 4889 964 4948 ‘itum‘
1017 4919 1145 4974 trantem
1159 4914 1248 4970 etism
1263 4911 1363 4969 neseio
1377 4911 1460 4985 qnid,
1475 4911 1547 4969 satis
1561 4911 1665 4968 hahuit
1677 4927 1781 4970 canem
1793 4929 1841 4986 ap·

173 4970 243 5027 0001
256 4967 369 5024 000000
382 4966 497 5031 ‘mm'
526 4980 558 5020 ”²
584 4963 722 5036 'mmm
743 4962 892 5032 mmm·
907 4979 964 5020 Μ
1018 5003 1127 5079 pellere
1142 5026 1156 5055 u
1180 5005 1311 5076 (Sueten.
1337 5001 1389 5058 lib.
1411 5017 1473 5070 00,
1499 5003 1531 5058 ie
1555 5003 1611 5058 cu.
1634 5001 1841 5076 Vesper.§iit).

171 5039 326 5115 ejiciebant
335 5039 554 5163 daemccmffiucc
564 5035 728 5091 seeundum
738 5034 808 5092 deos
818 5050 876 5092 ecre
886 5036 964 5092 orti·
1240 5091 1246 5104 ,
1293 5091 1322 5104 ..
1655 5089 1661 5104 ,

172 5113 332 5182 trabuntur,
349 5109 492 5167 marrata
513 5109 644 5164 naitanus
673 5111 768 5164 contra
796 5109 839 5178 jur
858 5113 884 5162 rr
908 5108 962 5178 (aa,
1016 5097 1123 5152 Narrat
1136 5109 1202 5152 vero
1214 5090 1528 5166 lllphrlrnuseumdem
1538 5089 1755 5164 Vespasianum
1766 5091 1842 5149 Mar-

167 5191 377 5258 preptsr·cuum
391 5180 530 5238 ductaret
544 5193 653 5248 nemea,
669 5181 746 5236 omni
763 5177 963 5250 suppliciorum
1017 5183 1093 5241 clani
1108 5182 1225 5238 hortatu
1241 5182 1271 5238 in
1287 5180 1424 5238 exsilium
1441 5179 1558 5238 misisse
1568 5177 1843 5256 philosophos,prc·

171 5271 274 5326 emere
287 5261 441 5313 000000000-
1016 5277 1118 5348 pterea
1128 5271 1206 5344 quod
1217 5288 1275 5327 non
1286 5273 1402 5327 tentum
1415 5269 1580 5327 Demetrius
1590 5267 1640 5326 ille
1650 5269 1842 5344 Cynicus,sed

172 5371 239 5430 Non
255 5369 348 5427 solam
364 5367 599 5426 Christianorum
614 5366 859 5439 ethnicorumque
873 5365 962 5424 casti·
1016 5362 1065 5422 alii
1079 5376 1195 5435 quoque
1208 5359 1377 5434 philosophi
1396 5359 1489 5415 multa
1510 5357 1710 5433 ignominiosa
1724 5359 1842 5434 publice

129 5467 227 5522 tatem
241 5459 443 5519 'tertullianus
458 5462 566 5528 noster,
584 5459 635 5516 sed
650 5473 753 5514 omnes
768 5461 962 5530 utrorumque
1016 5447 1306 5522 dicerenttxiphtlin.
1318 5449 1440 5522 Epitcm.
1451 5445 1541 5516 litas,
1550 5463 1618 5522 pag.
1627 5447 1682 5504 220
1692 5449 1722 5505 et
1730 5451 1837 5521 saep).

127 5553 260 5614 virtutes
278 5549 357 5608 Du
382 5550 460 5607 inter
487 5565 519 5606 se
547 5546 696 5622 componit
723 5563 756 5602 ae
777 5546 883 5604 horum
899 5550 960 5602 tam
1015 5540 1151 5598 Privatim
1181 5542 1279 5596 autem
1304 5538 1399 5594 eidem
1428 5536 1575 5596 Demetrio
1604 5552 1662 5594 non
1691 5537 1837 5611 quiseenti

128 5645 302 5716 corruptas,
313 5656 402 5714 quam
412 5637 530 5698 illorum
541 5637 757 5711 periectesesse
766 5637 960 5693 demonstrat.
1014 5628 1103 5688 scribi
1114 5628 1225 5701 jussit:
1242 5651 1256 5680 α
1267 5626 1389 5684 Dtiamsi
1401 5625 1492 5684 multa
1502 5641 1572 5700 agas
1587 5629 1681 5683 morte
1693 5625 1793 5700 digna,
1802 5641 1837 5684 eo

128 5733 208 5794 Eam
223 5745 290 5791 vero
305 5728 553 5805 comparationem
578 5743 612 5784 eo
639 5725 805 5784 accuratius
819 5723 960 5798 instituit,
1010 5718 1204 5795 iuberem
1232 5717 1345 5791 possim
1360 5719 1388 5776 te
1403 5715 1511 5776 idcirco
1533 5715 1637 5782 occidi,
1654 5711 1709 5790 1γο
1724 5709 1754 5776 u
1768 5713 1836 5794 adue
