<?xml version="1.0" encoding="UTF-8"?>
<!DOCTYPE html PUBLIC "-//W3C//DTD XHTML 1.0 Transitional//EN"
    "http://www.w3.org/TR/xhtml1/DTD/xhtml1-transitional.dtd">
<html xmlns="http://www.w3.org/1999/xhtml" xml:lang="en" lang="en">
 <head>
  <title>
</title>
<meta http-equiv="Content-Type" content="text/html;charset=utf-8" />
  <meta name='ocr-system' content='tesseract 3.04.00' />
  <meta name='ocr-capabilities' content='ocr_page ocr_carea ocr_par ocr_line ocrx_word'/>
</head>
<body>
  <div class='ocr_page' id='page_1' title='image "./patrologiaecurs98unkngoog_0381.png"; bbox 0 0 4096 6180; ppageno 0'>
   <div class='ocr_carea' id='block_1_1' title="bbox 134 308 1909 436">
    <p class='ocr_par' dir='ltr' id='par_1_1' title="bbox 134 308 1909 436">
     <span class='ocr_line' id='line_1_1' title="bbox 134 308 1909 436; baseline 0.001 -27"><span class='ocrx_word' id='word_1_1' title='bbox 134 317 137 322; x_wconf 78' lang='grc'><strong>’</strong></span> <span class='ocrx_word' id='word_1_2' title='bbox 201 348 255 412; x_wconf 84' lang='lat' dir='ltr'><strong>isi</strong></span> <span class='ocrx_word' id='word_1_3' title='bbox 461 347 725 413; x_wconf 85' lang='lat' dir='ltr'><strong>raarniiiini</strong></span> <span class='ocrx_word' id='word_1_4' title='bbox 746 308 911 414; x_wconf 80' lang='lat' dir='ltr'><strong>aranon</strong></span> <span class='ocrx_word' id='word_1_5' title='bbox 932 343 1032 412; x_wconf 83' lang='lat' dir='ltr'><strong>iias</strong></span> <span class='ocrx_word' id='word_1_6' title='bbox 1055 345 1285 414; x_wconf 85' lang='lat' dir='ltr'><strong>i.-seniiis</strong></span> <span class='ocrx_word' id='word_1_7' title='bbox 1308 351 1333 430; x_wconf 90' lang='lat'><strong>1,</strong></span> <span class='ocrx_word' id='word_1_8' title='bbox 1357 348 1640 436; x_wconf 79' lang='lat' dir='ltr'><strong>inonoauiici.</strong></span> <span class='ocrx_word' id='word_1_9' title='bbox 1752 395 1756 400; x_wconf 90' lang='lat'><strong>.</strong></span> <span class='ocrx_word' id='word_1_10' title='bbox 1847 343 1909 412; x_wconf 81' lang='lat' dir='ltr'><strong>isa</strong></span> 
     </span>
    </p>
   </div>
   <div class='ocr_carea' id='block_1_2' title="bbox 154 483 1912 2604">
    <p class='ocr_par' dir='ltr' id='par_1_2' title="bbox 202 483 1909 1095">
     <span class='ocr_line' id='line_1_2' title="bbox 202 483 1906 560; baseline -0.002 -19"><span class='ocrx_word' id='word_1_11' title='bbox 202 483 439 557; x_wconf 77' lang='lat' dir='ltr'><strong>septimuntium,</strong></span> <span class='ocrx_word' id='word_1_12' title='bbox 460 488 488 540; x_wconf 91' lang='lat' dir='ltr'><strong>et</strong></span> <span class='ocrx_word' id='word_1_13' title='bbox 508 485 630 554; x_wconf 74' lang='lat' dir='ltr'><strong>brumae,</strong></span> <span class='ocrx_word' id='word_1_14' title='bbox 646 488 675 540; x_wconf 92' lang='lat' dir='ltr'><strong>et</strong></span> <span class='ocrx_word' id='word_1_15' title='bbox 688 501 761 541; x_wconf 80' lang='lat' dir='ltr'><strong>carce</strong></span> <span class='ocrx_word' id='word_1_16' title='bbox 776 484 961 557; x_wconf 74' lang='lat' dir='ltr'>cognationis</span> <span class='ocrx_word' id='word_1_17' title='bbox 976 484 1027 540; x_wconf 91' lang='lat' dir='ltr'><strong>ho·</strong></span> <span class='ocrx_word' id='word_1_18' title='bbox 1042 486 1069 553; x_wconf 69' lang='grc' dir='ltr'><strong>Α</strong></span> <span class='ocrx_word' id='word_1_19' title='bbox 1083 485 1134 556; x_wconf 90' lang='lat' dir='ltr'><strong>qui</strong></span> <span class='ocrx_word' id='word_1_20' title='bbox 1149 485 1246 544; x_wconf 89' lang='lat' dir='ltr'><strong>selene</strong></span> <span class='ocrx_word' id='word_1_21' title='bbox 1260 503 1404 544; x_wconf 88' lang='lat' dir='ltr'><strong>venenam</strong></span> <span class='ocrx_word' id='word_1_22' title='bbox 1419 488 1457 545; x_wconf 86' lang='lat' dir='ltr'><strong>ab</strong></span> <span class='ocrx_word' id='word_1_23' title='bbox 1481 488 1584 560; x_wconf 86' lang='lat' dir='ltr'><strong>ignaro</strong></span> <span class='ocrx_word' id='word_1_24' title='bbox 1605 485 1724 560; x_wconf 86' lang='lat' dir='ltr'><strong>ancipit,</strong></span> <span class='ocrx_word' id='word_1_25' title='bbox 1739 501 1793 542; x_wconf 89' lang='lat' dir='ltr'><strong>nec</strong></span> <span class='ocrx_word' id='word_1_26' title='bbox 1820 483 1906 540; x_wconf 86' lang='lat' dir='ltr'><strong>bibit.</strong></span> 
     </span>
     <span class='ocr_line' id='line_1_3' title="bbox 204 571 1907 648; baseline 0.001 -21"><span class='ocrx_word' id='word_1_27' title='bbox 204 572 478 647; x_wconf 85' lang='lat' dir='ltr'><strong>norariaexigeoda</strong></span> <span class='ocrx_word' id='word_1_28' title='bbox 506 574 615 644; x_wconf 90' lang='lat' dir='ltr'><strong>omnia,</strong></span> <span class='ocrx_word' id='word_1_29' title='bbox 645 571 734 629; x_wconf 84' lang='lat' dir='ltr'><strong>Florio</strong></span> <span class='ocrx_word' id='word_1_30' title='bbox 757 573 780 610; x_wconf 73' lang='grc'>44</span> <span class='ocrx_word' id='word_1_31' title='bbox 809 573 915 630; x_wconf 77' lang='lat' dir='ltr'><strong>schola</strong></span> <span class='ocrx_word' id='word_1_32' title='bbox 944 590 1028 630; x_wconf 88' lang='lat' dir='ltr'><strong>eoro-</strong></span> <span class='ocrx_word' id='word_1_33' title='bbox 1083 573 1375 633; x_wconf 88' lang='lat' dir='ltr'><strong>llaicueccssitaaad</strong></span> <span class='ocrx_word' id='word_1_34' title='bbox 1405 577 1623 633; x_wconf 86' lang='lat' dir='ltr'><strong>excusationem</strong></span> <span class='ocrx_word' id='word_1_35' title='bbox 1650 577 1819 648; x_wconf 85' lang='lat' dir='ltr'><strong>deputatur,</strong></span> <span class='ocrx_word' id='word_1_36' title='bbox 1836 572 1907 645; x_wconf 89' lang='lat' dir='ltr'><strong>quia</strong></span> 
     </span>
     <span class='ocr_line' id='line_1_4' title="bbox 205 661 1908 738; baseline 0.001 -20"><span class='ocrx_word' id='word_1_37' title='bbox 205 663 308 719; x_wconf 80' lang='lat' dir='ltr'><strong>nanda</strong></span> <span class='ocrx_word' id='word_1_38' title='bbox 342 662 411 736; x_wconf 85' lang='grc'>(39).</span> <span class='ocrx_word' id='word_1_39' title='bbox 440 661 606 718; x_wconf 80' lang='lat' dir='ltr'><strong>Flaminica</strong></span> <span class='ocrx_word' id='word_1_40' title='bbox 643 671 671 719; x_wconf 88' lang='lat' dir='ltr'><strong>et</strong></span> <span class='ocrx_word' id='word_1_41' title='bbox 710 663 808 719; x_wconf 75' lang='lat' dir='ltr'><strong>aediles</strong></span> <span class='ocrx_word' id='word_1_42' title='bbox 850 663 1027 727; x_wconf 83' lang='lat' dir='ltr'><strong>sacrificant,</strong></span> <span class='ocrx_word' id='word_1_43' title='bbox 1083 663 1295 722; x_wconf 87' lang='lat' dir='ltr'><strong>aliterdisocre</strong></span> <span class='ocrx_word' id='word_1_44' title='bbox 1315 682 1373 721; x_wconf 92' lang='lat' dir='ltr'><strong>aon</strong></span> <span class='ocrx_word' id='word_1_45' title='bbox 1403 670 1509 738; x_wconf 89' lang='lat' dir='ltr'><strong>petest.</strong></span> <span class='ocrx_word' id='word_1_46' title='bbox 1540 667 1633 722; x_wconf 84' lang='lat' dir='ltr'><strong>&#39;lanto</strong></span> <span class='ocrx_word' id='word_1_47' title='bbox 1662 665 1762 722; x_wconf 85' lang='lat' dir='ltr'><strong>autem</strong></span> <span class='ocrx_word' id='word_1_48' title='bbox 1791 661 1908 719; x_wconf 83' lang='lat' dir='ltr'><strong>facilius</strong></span> 
     </span>
     <span class='ocr_line' id='line_1_5' title="bbox 205 749 1909 828; baseline 0 -21"><span class='ocrx_word' id='word_1_49' title='bbox 205 749 310 808; x_wconf 88' lang='lat' dir='ltr'><strong>creatis</strong></span> <span class='ocrx_word' id='word_1_50' title='bbox 325 751 347 787; x_wconf 80' lang='lat'><strong>¹⁸</strong></span> <span class='ocrx_word' id='word_1_51' title='bbox 363 751 465 808; x_wconf 89' lang='lat' dir='ltr'><strong>schola</strong></span> <span class='ocrx_word' id='word_1_52' title='bbox 479 751 807 824; x_wconf 75' lang='lat' dir='ltr'><strong>honoralurlerilsllO).</strong></span> <span class='ocrx_word' id='word_1_53' title='bbox 825 753 902 808; x_wconf 84' lang='lat' dir='ltr'><strong>Idem</strong></span> <span class='ocrx_word' id='word_1_54' title='bbox 916 753 948 808; x_wconf 89' lang='lat' dir='ltr'><strong>lit</strong></span> <span class='ocrx_word' id='word_1_55' title='bbox 959 751 1029 808; x_wconf 92' lang='lat' dir='ltr'><strong>idoli</strong></span> <span class='ocrx_word' id='word_1_56' title='bbox 1083 759 1126 808; x_wconf 86' lang='lat' dir='ltr'><strong>eet</strong></span> <span class='ocrx_word' id='word_1_57' title='bbox 1140 752 1254 810; x_wconf 76' lang='lat' dir='ltr'>litteras</span> <span class='ocrx_word' id='word_1_58' title='bbox 1270 771 1328 810; x_wconf 91' lang='lat' dir='ltr'><strong>oon</strong></span> <span class='ocrx_word' id='word_1_59' title='bbox 1343 755 1456 825; x_wconf 89' lang='lat' dir='ltr'><strong>docere,</strong></span> <span class='ocrx_word' id='word_1_60' title='bbox 1473 771 1560 828; x_wconf 88' lang='lat' dir='ltr'><strong>quain</strong></span> <span class='ocrx_word' id='word_1_61' title='bbox 1586 771 1644 811; x_wconf 94' lang='lat' dir='ltr'><strong>non</strong></span> <span class='ocrx_word' id='word_1_62' title='bbox 1660 751 1782 821; x_wconf 87' lang='lat' dir='ltr'><strong>discere,</strong></span> <span class='ocrx_word' id='word_1_63' title='bbox 1797 755 1909 824; x_wconf 89' lang='lat' dir='ltr'><strong>quanto</strong></span> 
     </span>
     <span class='ocr_line' id='line_1_6' title="bbox 206 838 1908 916; baseline -0.001 -19"><span class='ocrx_word' id='word_1_64' title='bbox 206 841 295 897; x_wconf 90' lang='lat' dir='ltr'><strong>natali</strong></span> <span class='ocrx_word' id='word_1_65' title='bbox 316 841 413 898; x_wconf 88' lang='lat' dir='ltr'><strong>omnis</strong></span> <span class='ocrx_word' id='word_1_66' title='bbox 442 841 549 914; x_wconf 83' lang='lat' dir='ltr'><strong>diaboli</strong></span> <span class='ocrx_word' id='word_1_67' title='bbox 574 857 682 913; x_wconf 89' lang='lat' dir='ltr'><strong>pompa</strong></span> <span class='ocrx_word' id='word_1_68' title='bbox 711 842 923 913; x_wconf 74' lang='lat' dir='ltr'><strong>frequentatur.</strong></span> <span class='ocrx_word' id='word_1_69' title='bbox 952 838 1028 896; x_wconf 69' lang='lat' dir='ltr'><strong>m</strong></span> <span class='ocrx_word' id='word_1_70' title='bbox 1084 841 1237 914; x_wconf 90' lang='lat' dir='ltr'><strong>etreliqua</strong></span> <span class='ocrx_word' id='word_1_71' title='bbox 1252 840 1420 899; x_wconf 88' lang='lat' dir='ltr'><strong>scholarum</strong></span> <span class='ocrx_word' id='word_1_72' title='bbox 1435 844 1472 900; x_wconf 89' lang='lat' dir='ltr'><strong>de</strong></span> <span class='ocrx_word' id='word_1_73' title='bbox 1488 843 1615 916; x_wconf 89' lang='lat' dir='ltr'><strong>publicis</strong></span> <span class='ocrx_word' id='word_1_74' title='bbox 1629 839 1908 915; x_wconf 87' lang='lat' dir='ltr'><strong>piopriissolemni·</strong></span> 
     </span>
     <span class='ocr_line' id='line_1_7' title="bbox 205 928 1906 1005; baseline 0.001 -21"><span class='ocrx_word' id='word_1_75' title='bbox 205 928 275 994; x_wconf 80' lang='lat' dir='ltr'><strong>Quia</strong></span> <span class='ocrx_word' id='word_1_76' title='bbox 305 929 546 1003; x_wconf 83' lang='lat' dir='ltr'><strong>haecompetere</strong></span> <span class='ocrx_word' id='word_1_77' title='bbox 570 929 731 986; x_wconf 89' lang='lat' dir='ltr'><strong>christiano</strong></span> <span class='ocrx_word' id='word_1_78' title='bbox 760 929 939 986; x_wconf 77' lang='lat' dir='ltr'><strong>existimabit</strong></span> <span class='ocrx_word' id='word_1_79' title='bbox 961 928 1029 1002; x_wconf 86' lang='grc'>(41),</span> <span class='ocrx_word' id='word_1_80' title='bbox 1083 929 1194 986; x_wconf 89' lang='lat' dir='ltr'><strong>tatibus</strong></span> <span class='ocrx_word' id='word_1_81' title='bbox 1208 930 1557 1003; x_wconf 87' lang='lat' dir='ltr'><strong>inquinamentalacilius</strong></span> <span class='ocrx_word' id='word_1_82' title='bbox 1570 931 1724 1005; x_wconf 90' lang='lat' dir='ltr'><strong>discipulis</strong></span> <span class='ocrx_word' id='word_1_83' title='bbox 1738 928 1834 987; x_wconf 88' lang='lat' dir='ltr'><strong>fidelis</strong></span> <span class='ocrx_word' id='word_1_84' title='bbox 1849 944 1906 996; x_wconf 87' lang='lat' dir='ltr'><strong>nau</strong></span> 
     </span>
     <span class='ocr_line' id='line_1_8' title="bbox 206 1017 1749 1095; baseline 0.001 -21"><span class='ocrx_word' id='word_1_85' title='bbox 206 1019 263 1075; x_wconf 91' lang='lat' dir='ltr'><strong>nisi</strong></span> <span class='ocrx_word' id='word_1_86' title='bbox 280 1020 332 1091; x_wconf 93' lang='lat' dir='ltr'><strong>qui</strong></span> <span class='ocrx_word' id='word_1_87' title='bbox 353 1019 467 1091; x_wconf 86' lang='lat' dir='ltr'><strong>putabit</strong></span> <span class='ocrx_word' id='word_1_88' title='bbox 482 1019 636 1076; x_wconf 79' lang='lat' dir='ltr'><strong>convenire</strong></span> <span class='ocrx_word' id='word_1_89' title='bbox 660 1019 747 1075; x_wconf 90' lang='lat' dir='ltr'><strong>etiarn</strong></span> <span class='ocrx_word' id='word_1_90' title='bbox 779 1035 837 1076; x_wconf 91' lang='lat' dir='ltr'><strong>non</strong></span> <span class='ocrx_word' id='word_1_91' title='bbox 860 1017 1029 1092; x_wconf 84' lang='lat' dir='ltr'><strong>magistro?</strong></span> <span class='ocrx_word' id='word_1_92' title='bbox 1084 1019 1187 1091; x_wconf 90' lang='lat' dir='ltr'><strong>adibit,</strong></span> <span class='ocrx_word' id='word_1_93' title='bbox 1204 1035 1293 1092; x_wconf 86' lang='lat' dir='ltr'><strong>quam</strong></span> <span class='ocrx_word' id='word_1_94' title='bbox 1306 1019 1446 1095; x_wconf 86' lang='lat' dir='ltr'><strong>magister</strong></span> <span class='ocrx_word' id='word_1_95' title='bbox 1462 1037 1520 1078; x_wconf 94' lang='lat' dir='ltr'><strong>non</strong></span> <span class='ocrx_word' id='word_1_96' title='bbox 1540 1019 1749 1094; x_wconf 72' lang='lat' dir='ltr'><strong>frequentabit.</strong></span> 
     </span>
    </p>

    <p class='ocr_par' dir='ltr' id='par_1_3' title="bbox 205 1107 1029 1181">
     <span class='ocr_line' id='line_1_9' title="bbox 205 1107 1029 1181; baseline -0.005 -13"><span class='ocrx_word' id='word_1_97' title='bbox 205 1108 320 1168; x_wconf 80' lang='lat' dir='ltr'><strong>Scimus</strong></span> <span class='ocrx_word' id='word_1_98' title='bbox 336 1107 392 1165; x_wconf 92' lang='lat' dir='ltr'><strong>dici</strong></span> <span class='ocrx_word' id='word_1_99' title='bbox 409 1124 495 1181; x_wconf 91' lang='lat' dir='ltr'><strong>posse</strong></span> <span class='ocrx_word' id='word_1_100' title='bbox 511 1126 517 1165; x_wconf 94' lang='lat'><strong>:</strong></span> <span class='ocrx_word' id='word_1_101' title='bbox 535 1131 548 1160; x_wconf 79' lang='grc' dir='ltr'>α</span> <span class='ocrx_word' id='word_1_102' title='bbox 569 1108 597 1164; x_wconf 84' lang='lat' dir='ltr'><strong>Si</strong></span> <span class='ocrx_word' id='word_1_103' title='bbox 624 1109 727 1165; x_wconf 88' lang='lat' dir='ltr'><strong>docere</strong></span> <span class='ocrx_word' id='word_1_104' title='bbox 746 1107 857 1164; x_wconf 87' lang='lat' dir='ltr'><strong>litteras</strong></span> <span class='ocrx_word' id='word_1_105' title='bbox 872 1107 922 1163; x_wconf 89' lang='lat' dir='ltr'><strong>Dei</strong></span> <span class='ocrx_word' id='word_1_106' title='bbox 937 1107 1029 1164; x_wconf 86' lang='lat' dir='ltr'><strong>servis</strong></span> 
     </span>
    </p>

    <p class='ocr_par' dir='ltr' id='par_1_4' title="bbox 154 1162 1912 2604">
     <span class='ocr_line' id='line_1_10' title="bbox 154 1162 1584 1280; baseline -0.001 -26"><span class='ocrx_word' id='word_1_107' title='bbox 154 1269 159 1280; x_wconf 87' lang='lat'><strong>.</strong></span> <span class='ocrx_word' id='word_1_108' title='bbox 207 1197 457 1268; x_wconf 89' lang='lat' dir='ltr'><strong>nonlicet,etiam</strong></span> <span class='ocrx_word' id='word_1_109' title='bbox 481 1214 533 1254; x_wconf 90' lang='lat' dir='ltr'><strong>nec</strong></span> <span class='ocrx_word' id='word_1_110' title='bbox 562 1197 674 1254; x_wconf 81' lang='lat' dir='ltr'><strong>discere</strong></span> <span class='ocrx_word' id='word_1_111' title='bbox 702 1196 811 1254; x_wconf 86' lang='lat' dir='ltr'><strong>licebit.</strong></span> <span class='ocrx_word' id='word_1_112' title='bbox 835 1197 1028 1270; x_wconf 79' lang='lat' dir='ltr'><strong>ecquomodo</strong></span> <span class='ocrx_word' id='word_1_113' title='bbox 1403 1162 1522 1220; x_wconf 55' lang='lat' dir='ltr'>CAPUT</span> <span class='ocrx_word' id='word_1_114' title='bbox 1537 1162 1584 1218; x_wconf 59' lang='lat' dir='ltr'><strong>XI·</strong></span> 
     </span>
     <span class='ocr_line' id='line_1_11' title="bbox 207 1284 1906 1361; baseline -0.003 -17"><span class='ocrx_word' id='word_1_115' title='bbox 207 1287 273 1361; x_wconf 88' lang='lat' dir='ltr'><strong>quis</strong></span> <span class='ocrx_word' id='word_1_116' title='bbox 288 1286 490 1345; x_wconf 89' lang='lat' dir='ltr'><strong>institueretur</strong></span> <span class='ocrx_word' id='word_1_117' title='bbox 505 1289 539 1343; x_wconf 92' lang='lat' dir='ltr'><strong>ad</strong></span> <span class='ocrx_word' id='word_1_118' title='bbox 563 1287 750 1359; x_wconf 89' lang='lat' dir='ltr'><strong>prudentiam</strong></span> <span class='ocrx_word' id='word_1_119' title='bbox 780 1287 894 1342; x_wconf 88' lang='lat' dir='ltr'><strong>interiiii</strong></span> <span class='ocrx_word' id='word_1_120' title='bbox 923 1287 1028 1342; x_wconf 88' lang='lat' dir='ltr'><strong>baina·</strong></span> <span class='ocrx_word' id='word_1_121' title='bbox 1119 1285 1159 1342; x_wconf 81' lang='lat' dir='ltr'><strong>lle</strong></span> <span class='ocrx_word' id='word_1_122' title='bbox 1175 1286 1423 1358; x_wconf 87' lang='lat' dir='ltr'><strong>negotiationibus</strong></span> <span class='ocrx_word' id='word_1_123' title='bbox 1441 1287 1473 1358; x_wconf 73' lang='lat'><strong>⁸⁰,</strong></span> <span class='ocrx_word' id='word_1_124' title='bbox 1489 1287 1515 1344; x_wconf 88' lang='lat' dir='ltr'><strong>ai</strong></span> <span class='ocrx_word' id='word_1_125' title='bbox 1535 1290 1638 1342; x_wconf 65' lang='lat' dir='ltr'><strong>nemra</strong></span> <span class='ocrx_word' id='word_1_126' title='bbox 1661 1284 1836 1341; x_wconf 88' lang='lat' dir='ltr'><strong>delictorum</strong></span> <span class='ocrx_word' id='word_1_127' title='bbox 1864 1299 1906 1340; x_wconf 90' lang='lat' dir='ltr'><strong>re·</strong></span> 
     </span>
     <span class='ocr_line' id='line_1_12' title="bbox 206 1372 1908 1448; baseline -0.003 -15"><span class='ocrx_word' id='word_1_128' title='bbox 206 1393 286 1444; x_wconf 88' lang='lat' dir='ltr'><strong>nain,</strong></span> <span class='ocrx_word' id='word_1_129' title='bbox 315 1375 358 1432; x_wconf 85' lang='lat' dir='ltr'><strong>vel</strong></span> <span class='ocrx_word' id='word_1_130' title='bbox 387 1377 423 1431; x_wconf 92' lang='lat' dir='ltr'><strong>ad</strong></span> <span class='ocrx_word' id='word_1_131' title='bbox 459 1392 676 1448; x_wconf 85' lang='lat' dir='ltr'><strong>quemeumque</strong></span> <span class='ocrx_word' id='word_1_132' title='bbox 699 1392 819 1430; x_wconf 85' lang='lat' dir='ltr'><strong>sensnm</strong></span> <span class='ocrx_word' id='word_1_133' title='bbox 851 1374 893 1429; x_wconf 88' lang='lat' dir='ltr'><strong>vel</strong></span> <span class='ocrx_word' id='word_1_134' title='bbox 918 1380 1027 1441; x_wconf 90' lang='lat' dir='ltr'><strong>actam,</strong></span> <span class='ocrx_word' id='word_1_135' title='bbox 1083 1374 1294 1446; x_wconf 60' lang='lat' dir='ltr'><strong>cogitamenta</strong></span> <span class='ocrx_word' id='word_1_136' title='bbox 1312 1372 1908 1447; x_wconf 88' lang='lat' dir='ltr'><strong>primiscupiditatemredieeinomnium</strong></span> 
     </span>
     <span class='ocr_line' id='line_1_13' title="bbox 207 1462 1907 1535; baseline -0.003 -12"><span class='ocrx_word' id='word_1_137' title='bbox 207 1464 1028 1524; x_wconf 77' lang='lat' dir='ltr'><strong>cum⁸⁶iustrumeotamsitadomnemvitamlittora-</strong></span> <span class='ocrx_word' id='word_1_138' title='bbox 1083 1463 1402 1534; x_wconf 67' lang='lat' dir='ltr'><strong>crematorumqun</strong></span> <span class='ocrx_word' id='word_1_139' title='bbox 1423 1464 1541 1535; x_wconf 87' lang='lat' dir='ltr'><strong>quidam</strong></span> <span class='ocrx_word' id='word_1_140' title='bbox 1575 1462 1688 1533; x_wconf 88' lang='lat' dir='ltr'><strong>irretiti,</strong></span> <span class='ocrx_word' id='word_1_141' title='bbox 1711 1465 1789 1518; x_wconf 81' lang='lat' dir='ltr'><strong>circa</strong></span> <span class='ocrx_word' id='word_1_142' title='bbox 1819 1463 1907 1518; x_wconf 85' lang='lat' dir='ltr'><strong>tidem</strong></span> 
     </span>
     <span class='ocr_line' id='line_1_14' title="bbox 208 1549 1909 1626; baseline -0.003 -15"><span class='ocrx_word' id='word_1_143' title='bbox 208 1555 296 1611; x_wconf 81' lang='lat' dir='ltr'><strong>tura?</strong></span> <span class='ocrx_word' id='word_1_144' title='bbox 311 1555 459 1619; x_wconf 81' lang='lat' dir='ltr'><strong>Quomodo</strong></span> <span class='ocrx_word' id='word_1_145' title='bbox 475 1555 665 1626; x_wconf 86' lang='lat' dir='ltr'><strong>repudiamus</strong></span> <span class='ocrx_word' id='word_1_146' title='bbox 677 1555 828 1609; x_wconf 69' lang='lat' dir='ltr'><strong>saecularia</strong></span> <span class='ocrx_word' id='word_1_147' title='bbox 843 1554 949 1618; x_wconf 88' lang='lat' dir='ltr'><strong>stadia,</strong></span> <span class='ocrx_word' id='word_1_148' title='bbox 966 1555 1029 1609; x_wconf 90' lang='lat' dir='ltr'><strong>sine</strong></span> <span class='ocrx_word' id='word_1_149' title='bbox 1084 1553 1269 1624; x_wconf 88' lang='lat' dir='ltr'><strong>naul&#39;ragium</strong></span> <span class='ocrx_word' id='word_1_150' title='bbox 1286 1553 1443 1625; x_wconf 85' lang='lat' dir='ltr'><strong>eaiitpassi</strong></span> <span class='ocrx_word' id='word_1_151' title='bbox 1459 1553 1515 1625; x_wconf 91' lang='grc'>(43)</span> <span class='ocrx_word' id='word_1_152' title='bbox 1533 1572 1540 1622; x_wconf 88' lang='grc'><strong>;</strong></span> <span class='ocrx_word' id='word_1_153' title='bbox 1564 1552 1701 1624; x_wconf 87' lang='lat' dir='ltr'><strong>quamvis</strong></span> <span class='ocrx_word' id='word_1_154' title='bbox 1728 1558 1758 1608; x_wconf 92' lang='lat' dir='ltr'><strong>st</strong></span> <span class='ocrx_word' id='word_1_155' title='bbox 1784 1549 1909 1606; x_wconf 90' lang='lat' dir='ltr'><strong>idolola-</strong></span> 
     </span>
     <span class='ocr_line' id='line_1_15' title="bbox 209 1639 1909 1718; baseline -0.002 -19"><span class='ocrx_word' id='word_1_156' title='bbox 209 1643 316 1718; x_wconf 89' lang='lat' dir='ltr'><strong>qnibus</strong></span> <span class='ocrx_word' id='word_1_157' title='bbox 345 1643 442 1700; x_wconf 87' lang='lat' dir='ltr'><strong>divina</strong></span> <span class='ocrx_word' id='word_1_158' title='bbox 468 1660 525 1699; x_wconf 91' lang='lat' dir='ltr'><strong>non</strong></span> <span class='ocrx_word' id='word_1_159' title='bbox 542 1641 690 1716; x_wconf 81' lang='lat' dir='ltr'><strong>possunt?</strong></span> <span class='ocrx_word' id='word_1_160' title='bbox 720 1665 733 1692; x_wconf 74' lang='lat' dir='ltr'><strong>a</strong></span> <span class='ocrx_word' id='word_1_161' title='bbox 757 1642 915 1700; x_wconf 89' lang='lat' dir='ltr'><strong>Videamus</strong></span> <span class='ocrx_word' id='word_1_162' title='bbox 939 1642 1030 1714; x_wconf 86' lang='lat' dir='ltr'><strong>igitur</strong></span> <span class='ocrx_word' id='word_1_163' title='bbox 1085 1640 1454 1714; x_wconf 85' lang='lat' dir='ltr'><strong>triaabeedcmapoetola</strong></span> <span class='ocrx_word' id='word_1_164' title='bbox 1480 1642 1559 1698; x_wconf 90' lang='lat' dir='ltr'><strong>dicta</strong></span> <span class='ocrx_word' id='word_1_165' title='bbox 1582 1641 1621 1697; x_wconf 90' lang='lat' dir='ltr'><strong>sit</strong></span> <span class='ocrx_word' id='word_1_166' title='bbox 1649 1639 1807 1714; x_wconf 84' lang='lat' dir='ltr'><strong>cupiditas.</strong></span> <span class='ocrx_word' id='word_1_167' title='bbox 1832 1640 1909 1696; x_wconf 88' lang='lat' dir='ltr'><strong>&#39;lum</strong></span> 
     </span>
     <span class='ocr_line' id='line_1_16' title="bbox 209 1729 1910 1803; baseline -0.004 -13"><span class='ocrx_word' id='word_1_168' title='bbox 209 1732 412 1790; x_wconf 87' lang='lat' dir='ltr'><strong>necessitatem</strong></span> <span class='ocrx_word' id='word_1_169' title='bbox 427 1731 605 1788; x_wconf 81' lang='lat' dir='ltr'><strong>litteratoriae</strong></span> <span class='ocrx_word' id='word_1_170' title='bbox 621 1730 795 1787; x_wconf 85' lang='lat' dir='ltr'><strong>eruditionis</strong></span> <span class='ocrx_word' id='word_1_171' title='bbox 812 1748 819 1791; x_wconf 72' lang='grc' dir='ltr'>ς</span> <span class='ocrx_word' id='word_1_172' title='bbox 838 1731 1029 1802; x_wconf 85' lang='lat' dir='ltr'><strong>respiciamus</strong></span> <span class='ocrx_word' id='word_1_173' title='bbox 1085 1729 1280 1795; x_wconf 88' lang='lat' dir='ltr'><strong>mendacium,</strong></span> <span class='ocrx_word' id='word_1_174' title='bbox 1296 1731 1468 1803; x_wconf 82' lang='lat' dir='ltr'><strong>cupiditatis</strong></span> <span class='ocrx_word' id='word_1_175' title='bbox 1482 1729 1663 1786; x_wconf 88' lang='lat' dir='ltr'><strong>ministrum.</strong></span> <span class='ocrx_word' id='word_1_176' title='bbox 1682 1733 1774 1786; x_wconf 79' lang='lat' dir='ltr'><strong>Taceo</strong></span> <span class='ocrx_word' id='word_1_177' title='bbox 1789 1729 1826 1786; x_wconf 93' lang='lat' dir='ltr'><strong>de</strong></span> <span class='ocrx_word' id='word_1_178' title='bbox 1841 1744 1910 1801; x_wconf 88' lang='lat' dir='ltr'><strong>per·</strong></span> 
     </span>
     <span class='ocr_line' id='line_1_17' title="bbox 208 1817 1910 1894; baseline -0.002 -16"><span class='ocrx_word' id='word_1_179' title='bbox 208 1839 243 1879; x_wconf 90' lang='lat' dir='ltr'><strong>eii</strong></span> <span class='ocrx_word' id='word_1_180' title='bbox 258 1827 340 1894; x_wconf 88' lang='lat' dir='ltr'><strong>parte</strong></span> <span class='ocrx_word' id='word_1_181' title='bbox 354 1837 418 1877; x_wconf 90' lang='lat' dir='ltr'><strong>cain</strong></span> <span class='ocrx_word' id='word_1_182' title='bbox 435 1821 552 1875; x_wconf 90' lang='lat' dir='ltr'><strong>admitti</strong></span> <span class='ocrx_word' id='word_1_183' title='bbox 582 1838 639 1876; x_wconf 93' lang='lat' dir='ltr'><strong>nou</strong></span> <span class='ocrx_word' id='word_1_184' title='bbox 670 1827 912 1892; x_wconf 87' lang='lat' dir='ltr'><strong>posse,eiiparto</strong></span> <span class='ocrx_word' id='word_1_185' title='bbox 933 1822 1028 1877; x_wconf 89' lang='lat' dir='ltr'><strong>vitari.</strong></span> <span class='ocrx_word' id='word_1_186' title='bbox 1080 1818 1462 1891; x_wconf 76' lang='lat' dir='ltr'><strong>jurio‚quandone1urare</strong></span> <span class='ocrx_word' id='word_1_187' title='bbox 1482 1819 1713 1892; x_wconf 87' lang='lat' dir='ltr'><strong>quidamliceat.</strong></span> <span class='ocrx_word' id='word_1_188' title='bbox 1742 1817 1910 1891; x_wconf 70' lang='lat' dir='ltr'><strong>Negotiatio</strong></span> 
     </span>
     <span class='ocr_line' id='line_1_18' title="bbox 210 1905 1910 1983; baseline -0.003 -16"><span class='ocrx_word' id='word_1_189' title='bbox 210 1910 321 1967; x_wconf 75' lang='lat' dir='ltr'><strong>Fideles</strong></span> <span class='ocrx_word' id='word_1_190' title='bbox 336 1911 430 1983; x_wconf 87' lang='lat' dir='ltr'><strong>magis</strong></span> <span class='ocrx_word' id='word_1_191' title='bbox 446 1911 569 1973; x_wconf 86' lang='lat' dir='ltr'><strong>discere,</strong></span> <span class='ocrx_word' id='word_1_192' title='bbox 585 1926 672 1981; x_wconf 91' lang='lat' dir='ltr'><strong>qaam</strong></span> <span class='ocrx_word' id='word_1_193' title='bbox 689 1911 792 1966; x_wconf 89' lang='lat' dir='ltr'><strong>docere</strong></span> <span class='ocrx_word' id='word_1_194' title='bbox 808 1910 919 1966; x_wconf 78' lang='lat' dir='ltr'><strong>litteras</strong></span> <span class='ocrx_word' id='word_1_195' title='bbox 934 1911 1024 1982; x_wconf 90' lang='lat' dir='ltr'><strong>oepit.</strong></span> <span class='ocrx_word' id='word_1_196' title='bbox 1082 1923 1164 1964; x_wconf 88' lang='lat' dir='ltr'><strong>servo</strong></span> <span class='ocrx_word' id='word_1_197' title='bbox 1179 1907 1228 1963; x_wconf 89' lang='lat' dir='ltr'><strong>Dei</strong></span> <span class='ocrx_word' id='word_1_198' title='bbox 1244 1913 1313 1981; x_wconf 88' lang='lat' dir='ltr'><strong>apta</strong></span> <span class='ocrx_word' id='word_1_199' title='bbox 1330 1913 1376 1965; x_wconf 89' lang='lat' dir='ltr'><strong>cst</strong></span> <span class='ocrx_word' id='word_1_200' title='bbox 1391 1908 1569 1970; x_wconf 72' lang='lat' dir='ltr'><strong>iuniorum,</strong></span> <span class='ocrx_word' id='word_1_201' title='bbox 1592 1908 1618 1964; x_wconf 90' lang='lat' dir='ltr'><strong>ei</strong></span> <span class='ocrx_word' id='word_1_202' title='bbox 1645 1905 1792 1980; x_wconf 88' lang='lat' dir='ltr'><strong>cupiditas</strong></span> <span class='ocrx_word' id='word_1_203' title='bbox 1807 1907 1910 1963; x_wconf 89' lang='lat' dir='ltr'><strong>absce-</strong></span> 
     </span>
     <span class='ocr_line' id='line_1_19' title="bbox 208 1996 1912 2070; baseline -0.002 -14"><span class='ocrx_word' id='word_1_204' title='bbox 208 2001 328 2056; x_wconf 88' lang='lat' dir='ltr'><strong>Diverse</strong></span> <span class='ocrx_word' id='word_1_205' title='bbox 355 2002 400 2054; x_wconf 91' lang='lat' dir='ltr'><strong>est</strong></span> <span class='ocrx_word' id='word_1_206' title='bbox 428 1997 505 2054; x_wconf 92' lang='lat' dir='ltr'><strong>enim</strong></span> <span class='ocrx_word' id='word_1_207' title='bbox 539 1997 613 2053; x_wconf 88' lang='lat' dir='ltr'><strong>ratio</strong></span> <span class='ocrx_word' id='word_1_208' title='bbox 637 1999 767 2054; x_wconf 90' lang='lat' dir='ltr'><strong>discendi</strong></span> <span class='ocrx_word' id='word_1_209' title='bbox 791 2002 819 2054; x_wconf 90' lang='lat' dir='ltr'><strong>et</strong></span> <span class='ocrx_word' id='word_1_210' title='bbox 844 1999 977 2056; x_wconf 90' lang='lat' dir='ltr'><strong>docendi.</strong></span> <span class='ocrx_word' id='word_1_211' title='bbox 998 1999 1027 2054; x_wconf 87' lang='lat' dir='ltr'><strong>si</strong></span> <span class='ocrx_word' id='word_1_212' title='bbox 1082 1996 1143 2063; x_wconf 92' lang='lat' dir='ltr'><strong>dat,</strong></span> <span class='ocrx_word' id='word_1_213' title='bbox 1173 2013 1236 2068; x_wconf 82' lang='lat' dir='ltr'><strong>que</strong></span> <span class='ocrx_word' id='word_1_214' title='bbox 1266 2001 1311 2052; x_wconf 83' lang='lat' dir='ltr'><strong>est</strong></span> <span class='ocrx_word' id='word_1_215' title='bbox 1338 2013 1427 2054; x_wconf 88' lang='lat' dir='ltr'><strong>caiisa</strong></span> <span class='ocrx_word' id='word_1_216' title='bbox 1456 1996 1638 2070; x_wconf 83' lang='lat' dir='ltr'><strong>acquirendi,</strong></span> <span class='ocrx_word' id='word_1_217' title='bbox 1660 1999 1793 2054; x_wconf 85' lang='lat' dir='ltr'><strong>cessante</strong></span> <span class='ocrx_word' id='word_1_218' title='bbox 1820 2011 1912 2052; x_wconf 86' lang='lat' dir='ltr'><strong>causa</strong></span> 
     </span>
     <span class='ocr_line' id='line_1_20' title="bbox 208 2084 1907 2158; baseline -0.004 -12"><span class='ocrx_word' id='word_1_219' title='bbox 208 2086 724 2146; x_wconf 72' lang='lat' dir='ltr'><strong>fidelislitierasooceatinserias⁵⁷</strong></span> <span class='ocrx_word' id='word_1_220' title='bbox 753 2086 898 2142; x_wconf 85' lang='lat' dir='ltr'><strong>idolorum</strong></span> <span class='ocrx_word' id='word_1_221' title='bbox 924 2089 1027 2158; x_wconf 83' lang='lat' dir='ltr'><strong>praedi-</strong></span> <span class='ocrx_word' id='word_1_222' title='bbox 1083 2084 1260 2156; x_wconf 84' lang='lat' dir='ltr'><strong>acquirendi,</strong></span> <span class='ocrx_word' id='word_1_223' title='bbox 1291 2103 1347 2142; x_wconf 92' lang='lat' dir='ltr'><strong>non</strong></span> <span class='ocrx_word' id='word_1_224' title='bbox 1374 2088 1429 2142; x_wconf 90' lang='lat' dir='ltr'><strong>erit</strong></span> <span class='ocrx_word' id='word_1_225' title='bbox 1457 2086 1617 2143; x_wconf 86' lang='lat' dir='ltr'><strong>necessitas</strong></span> <span class='ocrx_word' id='word_1_226' title='bbox 1646 2084 1827 2158; x_wconf 88' lang='lat' dir='ltr'><strong>negetiandi.</strong></span> <span class='ocrx_word' id='word_1_227' title='bbox 1862 2084 1907 2141; x_wconf 87' lang='lat' dir='ltr'><strong>Sit</strong></span> 
     </span>
     <span class='ocr_line' id='line_1_21' title="bbox 208 2172 1907 2247; baseline -0.004 -13"><span class='ocrx_word' id='word_1_228' title='bbox 208 2174 564 2245; x_wconf 75' lang='lat' dir='ltr'><strong>cationo³⁸,sinodubio,</strong></span> <span class='ocrx_word' id='word_1_229' title='bbox 593 2175 663 2231; x_wconf 90' lang='lat' dir='ltr'><strong>duin</strong></span> <span class='ocrx_word' id='word_1_230' title='bbox 693 2176 787 2243; x_wconf 86' lang='lat' dir='ltr'><strong>docet,</strong></span> <span class='ocrx_word' id='word_1_231' title='bbox 816 2177 1026 2234; x_wconf 87' lang='lat' dir='ltr'><strong>commendat:</strong></span> <span class='ocrx_word' id='word_1_232' title='bbox 1082 2189 1160 2230; x_wconf 91' lang='lat' dir='ltr'><strong>nane</strong></span> <span class='ocrx_word' id='word_1_233' title='bbox 1174 2173 1551 2247; x_wconf 83' lang='lat' dir='ltr'><strong>aliqnajustitinquaestae,</strong></span> <span class='ocrx_word' id='word_1_234' title='bbox 1568 2174 1717 2231; x_wconf 91' lang='lat' dir='ltr'><strong>scourade</strong></span> <span class='ocrx_word' id='word_1_235' title='bbox 1732 2172 1907 2246; x_wconf 87' lang='lat' dir='ltr'><strong>cupiditatis</strong></span> 
     </span>
     <span class='ocr_line' id='line_1_22' title="bbox 208 2261 1908 2336; baseline -0.002 -15"><span class='ocrx_word' id='word_1_236' title='bbox 208 2265 277 2321; x_wconf 92' lang='lat' dir='ltr'><strong>dum</strong></span> <span class='ocrx_word' id='word_1_237' title='bbox 295 2265 393 2334; x_wconf 89' lang='lat' dir='ltr'><strong>tradit,</strong></span> <span class='ocrx_word' id='word_1_238' title='bbox 411 2263 643 2320; x_wconf 77' lang='lat' dir='ltr'><strong>aldrinat2duiii</strong></span> <span class='ocrx_word' id='word_1_239' title='bbox 666 2264 1028 2336; x_wconf 87' lang='lat' dir='ltr'><strong>commemorat,teetimo-</strong></span> <span class='ocrx_word' id='word_1_240' title='bbox 1082 2268 1110 2318; x_wconf 88' lang='lat' dir='ltr'><strong>ct</strong></span> <span class='ocrx_word' id='word_1_241' title='bbox 1136 2263 1281 2318; x_wconf 88' lang='lat' dir='ltr'><strong>mendacii</strong></span> <span class='ocrx_word' id='word_1_242' title='bbox 1312 2263 1523 2331; x_wconf 85' lang='lat' dir='ltr'><strong>observatione,</strong></span> <span class='ocrx_word' id='word_1_243' title='bbox 1557 2263 1588 2318; x_wconf 89' lang='lat' dir='ltr'><strong>in</strong></span> <span class='ocrx_word' id='word_1_244' title='bbox 1618 2263 1728 2318; x_wconf 87' lang='lat' dir='ltr'><strong>crimen</strong></span> <span class='ocrx_word' id='word_1_245' title='bbox 1758 2261 1908 2318; x_wconf 78' lang='lat' dir='ltr'><strong>offendere</strong></span> 
     </span>
     <span class='ocr_line' id='line_1_23' title="bbox 207 2349 1908 2426; baseline -0.001 -17"><span class='ocrx_word' id='word_1_246' title='bbox 207 2354 288 2410; x_wconf 90' lang='lat' dir='ltr'><strong>iiiam</strong></span> <span class='ocrx_word' id='word_1_247' title='bbox 304 2353 377 2411; x_wconf 90' lang='lat' dir='ltr'><strong>dicit</strong></span> <span class='ocrx_word' id='word_1_248' title='bbox 392 2353 488 2425; x_wconf 78' lang='lat' dir='ltr'><strong>(Excd.</strong></span> <span class='ocrx_word' id='word_1_249' title='bbox 505 2370 585 2420; x_wconf 82' lang='lat' dir='ltr'><strong>xxiii,</strong></span> <span class='ocrx_word' id='word_1_250' title='bbox 614 2353 768 2425; x_wconf 69' lang='lat' dir='ltr'><strong>ldlideos</strong></span> <span class='ocrx_word' id='word_1_251' title='bbox 792 2354 871 2426; x_wconf 87' lang='lat' dir='ltr'><strong>ipsos</strong></span> <span class='ocrx_word' id='word_1_252' title='bbox 898 2353 953 2410; x_wconf 90' lang='lat' dir='ltr'><strong>hec</strong></span> <span class='ocrx_word' id='word_1_253' title='bbox 976 2371 1026 2412; x_wconf 89' lang='lat' dir='ltr'><strong>aa·</strong></span> <span class='ocrx_word' id='word_1_254' title='bbox 1083 2350 1459 2424; x_wconf 83' lang='lat' dir='ltr'><strong>idololatriaeoamapinor,</strong></span> <span class='ocrx_word' id='word_1_255' title='bbox 1481 2369 1547 2425; x_wconf 81' lang='lat' dir='ltr'><strong>quae</strong></span> <span class='ocrx_word' id='word_1_256' title='bbox 1575 2352 1611 2407; x_wconf 93' lang='lat' dir='ltr'><strong>ad</strong></span> <span class='ocrx_word' id='word_1_257' title='bbox 1637 2351 1729 2423; x_wconf 84' lang='lat' dir='ltr'><strong>ipsam</strong></span> <span class='ocrx_word' id='word_1_258' title='bbox 1761 2349 1908 2408; x_wconf 87' lang='lat' dir='ltr'><strong>idolorum</strong></span> 
     </span>
     <span class='ocr_line' id='line_1_24' title="bbox 206 2441 1908 2515; baseline -0.003 -14"><span class='ocrx_word' id='word_1_259' title='bbox 206 2442 448 2515; x_wconf 75' lang='lat' dir='ltr'><strong>mineonsignnt</strong></span> <span class='ocrx_word' id='word_1_260' title='bbox 475 2458 541 2498; x_wconf 93' lang='lat' dir='ltr'><strong>cum</strong></span> <span class='ocrx_word' id='word_1_261' title='bbox 567 2442 610 2498; x_wconf 90' lang='lat' dir='ltr'><strong>lcii</strong></span> <span class='ocrx_word' id='word_1_262' title='bbox 641 2442 793 2514; x_wconf 90' lang='lat' dir='ltr'><strong>probibeat</strong></span> <span class='ocrx_word' id='word_1_263' title='bbox 818 2444 863 2515; x_wconf 88' lang='lat' dir='ltr'><strong>(ut</strong></span> <span class='ocrx_word' id='word_1_264' title='bbox 888 2443 1027 2514; x_wconf 83' lang='lat' dir='ltr'><strong>diximus]</strong></span> <span class='ocrx_word' id='word_1_265' title='bbox 1084 2441 1408 2514; x_wconf 88' lang='lat' dir='ltr'><strong>unimnmetspiritam</strong></span> <span class='ocrx_word' id='word_1_266' title='bbox 1433 2441 1568 2514; x_wconf 85' lang='lat' dir='ltr'><strong>pertinet,</strong></span> <span class='ocrx_word' id='word_1_267' title='bbox 1597 2458 1661 2514; x_wconf 80' lang='lat' dir='ltr'><strong>qua</strong></span> <span class='ocrx_word' id='word_1_268' title='bbox 1691 2457 1778 2497; x_wconf 85' lang='lat' dir='ltr'><strong>amne</strong></span> <span class='ocrx_word' id='word_1_269' title='bbox 1799 2441 1908 2497; x_wconf 74' lang='lat' dir='ltr'><strong>daemo-</strong></span> 
     </span>
     <span class='ocr_line' id='line_1_25' title="bbox 208 2527 1907 2604; baseline -0.002 -16"><span class='ocrx_word' id='word_1_270' title='bbox 208 2533 279 2588; x_wconf 87' lang='lat' dir='ltr'><strong>deos</strong></span> <span class='ocrx_word' id='word_1_271' title='bbox 309 2531 492 2603; x_wconf 75' lang='lat' dir='ltr'><strong>pronuntiari</strong></span> <span class='ocrx_word' id='word_1_272' title='bbox 522 2531 617 2604; x_wconf 75' lang='lat' dir='ltr'><strong>(daed.</strong></span> <span class='ocrx_word' id='word_1_273' title='bbox 645 2531 702 2602; x_wconf 81' lang='lat' dir='ltr'><strong>iiii).</strong></span> <span class='ocrx_word' id='word_1_274' title='bbox 730 2535 759 2586; x_wconf 90' lang='lat' dir='ltr'><strong>et</strong></span> <span class='ocrx_word' id='word_1_275' title='bbox 783 2548 888 2587; x_wconf 85' lang='lat' dir='ltr'><strong>nomon</strong></span> <span class='ocrx_word' id='word_1_276' title='bbox 917 2531 972 2586; x_wconf 94' lang='lat' dir='ltr'><strong>hac</strong></span> <span class='ocrx_word' id='word_1_277' title='bbox 998 2533 1027 2586; x_wconf 92' lang='lat' dir='ltr'><strong>in</strong></span> <span class='ocrx_word' id='word_1_278' title='bbox 1084 2529 1165 2583; x_wconf 89' lang='lat' dir='ltr'><strong>iiluin</strong></span> <span class='ocrx_word' id='word_1_279' title='bbox 1183 2531 1308 2601; x_wconf 84' lang='lat' dir='ltr'><strong>saginat.</strong></span> <span class='ocrx_word' id='word_1_280' title='bbox 1324 2533 1399 2584; x_wconf 83' lang='lat' dir='ltr'><strong>Sane</strong></span> <span class='ocrx_word' id='word_1_281' title='bbox 1414 2546 1512 2584; x_wconf 88' lang='lat' dir='ltr'><strong>annon</strong></span> <span class='ocrx_word' id='word_1_282' title='bbox 1528 2528 1578 2585; x_wconf 88' lang='lat' dir='ltr'><strong>illa</strong></span> <span class='ocrx_word' id='word_1_283' title='bbox 1591 2527 1763 2601; x_wconf 89' lang='lat' dir='ltr'><strong>principalis</strong></span> <span class='ocrx_word' id='word_1_284' title='bbox 1779 2528 1907 2585; x_wconf 89' lang='lat' dir='ltr'><strong>idolola-</strong></span> 
     </span>
    </p>
   </div>
   <div class='ocr_carea' id='block_1_3' title="bbox 207 2617 1910 2692">
    <p class='ocr_par' dir='ltr' id='par_1_5' title="bbox 207 2585 2026 2702">
     <span class='ocr_line' id='line_1_26' title="bbox 207 2617 1910 2692; baseline -0.001 -17"><span class='ocrx_word' id='word_1_285' title='bbox 207 2619 523 2676; x_wconf 89' lang='lat' dir='ltr'><strong>i·aoacollocari.llinc</strong></span> <span class='ocrx_word' id='word_1_286' title='bbox 538 2619 766 2692; x_wconf 86' lang='lat' dir='ltr'><strong>primodiabolo</strong></span> <span class='ocrx_word' id='word_1_287' title='bbox 783 2619 1030 2676; x_wconf 82' lang='lat' dir='ltr'><strong>fidesaedifieatur</strong></span> <span class='ocrx_word' id='word_1_288' title='bbox 1085 2617 1380 2690; x_wconf 80' lang='lat' dir='ltr'><strong>tria(lt)ividerint</strong></span> <span class='ocrx_word' id='word_1_289' title='bbox 1408 2617 1432 2674; x_wconf 92' lang='lat' dir='ltr'><strong>si</strong></span> <span class='ocrx_word' id='word_1_290' title='bbox 1461 2619 1553 2674; x_wconf 79' lang='lat' dir='ltr'><strong>adem</strong></span> <span class='ocrx_word' id='word_1_291' title='bbox 1578 2633 1701 2682; x_wconf 88' lang='lat' dir='ltr'><strong>marces,</strong></span> <span class='ocrx_word' id='word_1_292' title='bbox 1730 2617 1820 2674; x_wconf 88' lang='lat' dir='ltr'><strong>thara</strong></span> <span class='ocrx_word' id='word_1_293' title='bbox 1844 2619 1910 2675; x_wconf 84' lang='lat' dir='ltr'><strong>dieo</strong></span> 
     </span>
    </p>
   </div>
   <div class='ocr_carea' id='block_1_4' title="bbox 202 2705 1909 3316">
    <p class='ocr_par' dir='ltr' id='par_1_6' title="bbox 202 2705 1909 3316">
     <span class='ocr_line' id='line_1_27' title="bbox 208 2705 1909 2780; baseline -0.001 -16"><span class='ocrx_word' id='word_1_294' title='bbox 208 2709 244 2766; x_wconf 90' lang='lat' dir='ltr'><strong>ab</strong></span> <span class='ocrx_word' id='word_1_295' title='bbox 254 2709 347 2766; x_wconf 90' lang='lat' dir='ltr'><strong>initiis</strong></span> <span class='ocrx_word' id='word_1_296' title='bbox 358 2708 542 2766; x_wconf 88' lang='lat' dir='ltr'><strong>eruditionis.</strong></span> <span class='ocrx_word' id='word_1_297' title='bbox 559 2715 660 2776; x_wconf 78' lang='lat' dir='ltr'><strong>Quare</strong></span> <span class='ocrx_word' id='word_1_298' title='bbox 676 2728 711 2765; x_wconf 89' lang='lat' dir='ltr'><strong>an</strong></span> <span class='ocrx_word' id='word_1_299' title='bbox 738 2709 933 2766; x_wconf 83' lang='lat' dir='ltr'><strong>idololatriam</strong></span> <span class='ocrx_word' id='word_1_300' title='bbox 950 2726 1029 2766; x_wconf 88' lang='lat' dir='ltr'><strong>com·</strong></span> <span class='ocrx_word' id='word_1_301' title='bbox 1083 2711 1112 2762; x_wconf 88' lang='lat' dir='ltr'><strong>et</strong></span> <span class='ocrx_word' id='word_1_302' title='bbox 1131 2713 1233 2764; x_wconf 79' lang='lat' dir='ltr'><strong>catera</strong></span> <span class='ocrx_word' id='word_1_303' title='bbox 1247 2706 1465 2780; x_wconf 81' lang='lat' dir='ltr'><strong>peregrinitatis</strong></span> <span class='ocrx_word' id='word_1_304' title='bbox 1480 2708 1536 2780; x_wconf 89' lang='grc'>(45)</span> <span class='ocrx_word' id='word_1_305' title='bbox 1567 2708 1604 2763; x_wconf 92' lang='lat' dir='ltr'><strong>ad</strong></span> <span class='ocrx_word' id='word_1_306' title='bbox 1621 2707 1801 2764; x_wconf 88' lang='lat' dir='ltr'><strong>sacrillcium</strong></span> <span class='ocrx_word' id='word_1_307' title='bbox 1817 2705 1909 2764; x_wconf 91' lang='lat' dir='ltr'><strong>idola-</strong></span> 
     </span>
     <span class='ocr_line' id='line_1_28' title="bbox 206 2797 1909 2871; baseline 0 -17"><span class='ocrx_word' id='word_1_308' title='bbox 206 2799 305 2856; x_wconf 90' lang='lat' dir='ltr'><strong>mittat</strong></span> <span class='ocrx_word' id='word_1_309' title='bbox 320 2797 371 2870; x_wconf 91' lang='lat' dir='ltr'><strong>qui</strong></span> <span class='ocrx_word' id='word_1_310' title='bbox 386 2798 422 2854; x_wconf 90' lang='lat' dir='ltr'><strong>de</strong></span> <span class='ocrx_word' id='word_1_311' title='bbox 437 2798 917 2871; x_wconf 62' lang='lat' dir='ltr'><strong>idelisceteohizattl‘tl‘inicum</strong></span> <span class='ocrx_word' id='word_1_312' title='bbox 934 2799 1028 2856; x_wconf 87' lang='lat' dir='ltr'><strong>tidelis</strong></span> <span class='ocrx_word' id='word_1_313' title='bbox 1083 2814 1160 2868; x_wconf 92' lang='lat' dir='ltr'><strong>rum,</strong></span> <span class='ocrx_word' id='word_1_314' title='bbox 1189 2799 1276 2854; x_wconf 90' lang='lat' dir='ltr'><strong>ctiam</strong></span> <span class='ocrx_word' id='word_1_315' title='bbox 1304 2797 1480 2854; x_wconf 83' lang='lat' dir='ltr'><strong>bominibus¹</strong></span> <span class='ocrx_word' id='word_1_316' title='bbox 1502 2798 1536 2852; x_wconf 89' lang='lat' dir='ltr'><strong>ad</strong></span> <span class='ocrx_word' id='word_1_317' title='bbox 1573 2797 1722 2870; x_wconf 88' lang='lat' dir='ltr'><strong>pigmenta</strong></span> <span class='ocrx_word' id='word_1_318' title='bbox 1750 2797 1909 2854; x_wconf 86' lang='lat' dir='ltr'><strong>medicina·</strong></span> 
     </span>
     <span class='ocr_line' id='line_1_29' title="bbox 207 2885 1906 2960; baseline 0 -18"><span class='ocrx_word' id='word_1_319' title='bbox 207 2885 434 2954; x_wconf 82' lang='lat' dir='ltr'><strong>baecdlsoit;si</strong></span> <span class='ocrx_word' id='word_1_320' title='bbox 453 2887 610 2958; x_wconf 83' lang='lat' dir='ltr'><strong>jamsapit</strong></span> <span class='ocrx_word' id='word_1_321' title='bbox 638 2887 686 2956; x_wconf 91' lang='lat' dir='ltr'><strong>qni</strong></span> <span class='ocrx_word' id='word_1_322' title='bbox 716 2888 766 2956; x_wconf 88' lang='lat' dir='ltr'><strong>eit,</strong></span> <span class='ocrx_word' id='word_1_323' title='bbox 795 2903 889 2959; x_wconf 90' lang='lat' dir='ltr'><strong>neque</strong></span> <span class='ocrx_word' id='word_1_324' title='bbox 913 2887 1025 2960; x_wconf 90' lang='lat' dir='ltr'><strong>recipit,</strong></span> <span class='ocrx_word' id='word_1_325' title='bbox 1081 2886 1120 2942; x_wconf 89' lang='lat' dir='ltr'><strong>lis</strong></span> <span class='ocrx_word' id='word_1_326' title='bbox 1134 2887 1202 2959; x_wconf 82' lang='grc'>(46),</span> <span class='ocrx_word' id='word_1_327' title='bbox 1220 2888 1305 2943; x_wconf 87' lang='lat' dir='ltr'><strong>uobis</strong></span> <span class='ocrx_word' id='word_1_328' title='bbox 1320 2902 1437 2958; x_wconf 72' lang='lat' dir='ltr'><strong>cinoque</strong></span> <span class='ocrx_word' id='word_1_329' title='bbox 1451 2886 1572 2960; x_wconf 88' lang='lat' dir='ltr'><strong>insuper</strong></span> <span class='ocrx_word' id='word_1_330' title='bbox 1584 2887 1620 2942; x_wconf 87' lang='lat' dir='ltr'><strong>ad</strong></span> <span class='ocrx_word' id='word_1_331' title='bbox 1632 2886 1906 2958; x_wconf 78' lang='lat' dir='ltr'><strong>selatiasepultare</strong></span> 
     </span>
     <span class='ocr_line' id='line_1_30' title="bbox 204 2973 1905 3048; baseline 0.001 -17"><span class='ocrx_word' id='word_1_332' title='bbox 204 2974 452 3048; x_wconf 88' lang='lat' dir='ltr'><strong>nequeadmiltil,</strong></span> <span class='ocrx_word' id='word_1_333' title='bbox 470 2973 561 3030; x_wconf 90' lang='lat' dir='ltr'><strong>multe</strong></span> <span class='ocrx_word' id='word_1_334' title='bbox 586 2976 680 3047; x_wconf 92' lang='lat' dir='ltr'><strong>magis</strong></span> <span class='ocrx_word' id='word_1_335' title='bbox 701 2975 724 3030; x_wconf 90' lang='lat' dir='ltr'><strong>si</strong></span> <span class='ocrx_word' id='word_1_336' title='bbox 755 2975 884 3031; x_wconf 84' lang='lat' dir='ltr'><strong>tiendum</strong></span> <span class='ocrx_word' id='word_1_337' title='bbox 902 2976 1024 3047; x_wconf 63' lang='lat' dir='ltr'><strong>”sapit</strong></span> <span class='ocrx_word' id='word_1_338' title='bbox 1082 2975 1148 3030; x_wconf 90' lang='lat' dir='ltr'><strong>usui</strong></span> <span class='ocrx_word' id='word_1_339' title='bbox 1170 2981 1249 3032; x_wconf 88' lang='lat' dir='ltr'><strong>sunt.</strong></span> <span class='ocrx_word' id='word_1_340' title='bbox 1274 2981 1355 3032; x_wconf 84' lang='lat' dir='ltr'><strong>tlerte</strong></span> <span class='ocrx_word' id='word_1_341' title='bbox 1383 2991 1450 3032; x_wconf 91' lang='lat' dir='ltr'><strong>euin</strong></span> <span class='ocrx_word' id='word_1_342' title='bbox 1480 2990 1605 3048; x_wconf 79' lang='lat' dir='ltr'><strong>pompe,</strong></span> <span class='ocrx_word' id='word_1_343' title='bbox 1633 2990 1698 3031; x_wconf 91' lang='lat' dir='ltr'><strong>cam</strong></span> <span class='ocrx_word' id='word_1_344' title='bbox 1728 2975 1905 3040; x_wconf 85' lang='lat' dir='ltr'><strong>sacerdotia,</strong></span> 
     </span>
     <span class='ocr_line' id='line_1_31' title="bbox 202 3060 1905 3137; baseline -0.002 -15"><span class='ocrx_word' id='word_1_345' title='bbox 202 3067 260 3122; x_wconf 84' lang='lat' dir='ltr'><strong>Aut</strong></span> <span class='ocrx_word' id='word_1_346' title='bbox 275 3063 325 3121; x_wconf 89' lang='lat' dir='ltr'><strong>ubl</strong></span> <span class='ocrx_word' id='word_1_347' title='bbox 340 3063 459 3137; x_wconf 86' lang='lat' dir='ltr'><strong>emperit</strong></span> <span class='ocrx_word' id='word_1_348' title='bbox 474 3079 587 3135; x_wconf 89' lang='lat' dir='ltr'><strong>sapere,</strong></span> <span class='ocrx_word' id='word_1_349' title='bbox 604 3063 791 3137; x_wconf 88' lang='lat' dir='ltr'><strong>priussapiat</strong></span> <span class='ocrx_word' id='word_1_350' title='bbox 813 3068 937 3135; x_wconf 90' lang='lat' dir='ltr'><strong>oportet,</strong></span> <span class='ocrx_word' id='word_1_351' title='bbox 948 3065 1025 3136; x_wconf 91' lang='lat' dir='ltr'><strong>quod</strong></span> <span class='ocrx_word' id='word_1_352' title='bbox 1080 3080 1149 3120; x_wconf 91' lang='lat' dir='ltr'><strong>cum</strong></span> <span class='ocrx_word' id='word_1_353' title='bbox 1165 3062 1309 3120; x_wconf 85' lang='lat' dir='ltr'><strong>sacrificia</strong></span> <span class='ocrx_word' id='word_1_354' title='bbox 1324 3063 1470 3120; x_wconf 91' lang='lat' dir='ltr'><strong>idolorum</strong></span> <span class='ocrx_word' id='word_1_355' title='bbox 1486 3063 1522 3119; x_wconf 88' lang='lat' dir='ltr'><strong>de</strong></span> <span class='ocrx_word' id='word_1_356' title='bbox 1536 3060 1686 3135; x_wconf 88' lang='lat' dir='ltr'><strong>periculis,</strong></span> <span class='ocrx_word' id='word_1_357' title='bbox 1715 3062 1751 3119; x_wconf 90' lang='lat' dir='ltr'><strong>de</strong></span> <span class='ocrx_word' id='word_1_358' title='bbox 1775 3063 1905 3130; x_wconf 86' lang='lat' dir='ltr'><strong>damnis,</strong></span> 
     </span>
     <span class='ocr_line' id='line_1_32' title="bbox 202 3150 1906 3228; baseline -0.002 -18"><span class='ocrx_word' id='word_1_359' title='bbox 202 3154 286 3228; x_wconf 90' lang='lat' dir='ltr'><strong>prius</strong></span> <span class='ocrx_word' id='word_1_360' title='bbox 301 3152 415 3224; x_wconf 90' lang='lat' dir='ltr'><strong>didicit,</strong></span> <span class='ocrx_word' id='word_1_361' title='bbox 431 3153 460 3208; x_wconf 91' lang='lat' dir='ltr'><strong>id</strong></span> <span class='ocrx_word' id='word_1_362' title='bbox 476 3156 532 3218; x_wconf 88' lang='lat' dir='ltr'><strong>est,</strong></span> <span class='ocrx_word' id='word_1_363' title='bbox 554 3153 589 3208; x_wconf 91' lang='lat' dir='ltr'><strong>de</strong></span> <span class='ocrx_word' id='word_1_364' title='bbox 604 3152 662 3208; x_wconf 89' lang='lat' dir='ltr'><strong>Deo</strong></span> <span class='ocrx_word' id='word_1_365' title='bbox 677 3158 706 3210; x_wconf 92' lang='lat' dir='ltr'><strong>ct</strong></span> <span class='ocrx_word' id='word_1_366' title='bbox 734 3154 810 3209; x_wconf 88' lang='lat' dir='ltr'><strong>lide:</strong></span> <span class='ocrx_word' id='word_1_367' title='bbox 828 3153 949 3225; x_wconf 91' lang='lat' dir='ltr'><strong>proinde</strong></span> <span class='ocrx_word' id='word_1_368' title='bbox 974 3153 1027 3210; x_wconf 93' lang='lat' dir='ltr'><strong>illa</strong></span> <span class='ocrx_word' id='word_1_369' title='bbox 1080 3153 1117 3209; x_wconf 91' lang='lat' dir='ltr'><strong>de</strong></span> <span class='ocrx_word' id='word_1_370' title='bbox 1131 3152 1339 3221; x_wconf 89' lang='lat' dir='ltr'><strong>incommodis,</strong></span> <span class='ocrx_word' id='word_1_371' title='bbox 1356 3153 1391 3208; x_wconf 91' lang='lat' dir='ltr'><strong>de</strong></span> <span class='ocrx_word' id='word_1_372' title='bbox 1415 3151 1652 3225; x_wconf 87' lang='lat' dir='ltr'><strong>cogitationibus,</strong></span> <span class='ocrx_word' id='word_1_373' title='bbox 1668 3151 1704 3208; x_wconf 94' lang='lat' dir='ltr'><strong>de</strong></span> <span class='ocrx_word' id='word_1_374' title='bbox 1718 3150 1906 3208; x_wconf 83' lang='lat' dir='ltr'><strong>discursibus</strong></span> 
     </span>
     <span class='ocr_line' id='line_1_33' title="bbox 205 3226 1908 3316; baseline -0.003 -15"><span class='ocrx_word' id='word_1_375' title='bbox 205 3246 335 3316; x_wconf 87' lang='lat' dir='ltr'><strong>respuet,</strong></span> <span class='ocrx_word' id='word_1_376' title='bbox 360 3241 556 3314; x_wconf 87' lang='lat' dir='ltr'><strong>neerecipiet.</strong></span> <span class='ocrx_word' id='word_1_377' title='bbox 585 3241 620 3296; x_wconf 85' lang='lat' dir='ltr'><strong>Et</strong></span> <span class='ocrx_word' id='word_1_378' title='bbox 647 3242 702 3297; x_wconf 91' lang='lat' dir='ltr'><strong>erit</strong></span> <span class='ocrx_word' id='word_1_379' title='bbox 724 3247 784 3298; x_wconf 90' lang='lat' dir='ltr'><strong>tam</strong></span> <span class='ocrx_word' id='word_1_380' title='bbox 814 3248 907 3310; x_wconf 86' lang='lat' dir='ltr'><strong>tutus,</strong></span> <span class='ocrx_word' id='word_1_381' title='bbox 937 3226 1063 3314; x_wconf 86' lang='lat' dir='ltr'><strong>quamG</strong></span> <span class='ocrx_word' id='word_1_382' title='bbox 1083 3241 1366 3315; x_wconf 87' lang='lat' dir='ltr'><strong>negotiationibusve</strong></span> <span class='ocrx_word' id='word_1_383' title='bbox 1380 3240 1437 3314; x_wconf 83' lang='grc'>(47)</span> <span class='ocrx_word' id='word_1_384' title='bbox 1453 3241 1650 3310; x_wconf 87' lang='lat' dir='ltr'><strong>instruantur,</strong></span> <span class='ocrx_word' id='word_1_385' title='bbox 1662 3239 1713 3311; x_wconf 92' lang='lat' dir='ltr'><strong>qui</strong></span> <span class='ocrx_word' id='word_1_386' title='bbox 1724 3241 1805 3297; x_wconf 85' lang='lat' dir='ltr'><strong>aliud</strong></span> <span class='ocrx_word' id='word_1_387' title='bbox 1818 3257 1908 3313; x_wconf 89' lang='lat' dir='ltr'><strong>qaam</strong></span> 
     </span>
    </p>
   </div>
   <div class='ocr_carea' id='block_1_5' title="bbox 915 3375 1193 3440">
    <p class='ocr_par' dir='ltr' id='par_1_7' title="bbox 915 3375 1193 3440">
     <span class='ocr_line' id='line_1_34' title="bbox 915 3375 1193 3440; baseline 0.007 -2"><span class='ocrx_word' id='word_1_388' title='bbox 915 3375 1017 3438; x_wconf 81' lang='lat' dir='ltr'><strong>Variae</strong></span> <span class='ocrx_word' id='word_1_389' title='bbox 1032 3376 1193 3440; x_wconf 89' lang='lat' dir='ltr'><strong>lectiones.</strong></span> 
     </span>
    </p>
   </div>
   <div class='ocr_carea' id='block_1_6' title="bbox 206 3497 1907 3645">
    <p class='ocr_par' dir='ltr' id='par_1_8' title="bbox 206 3497 1907 3645">
     <span class='ocr_line' id='line_1_35' title="bbox 239 3497 1907 3574; baseline 0.001 -20"><span class='ocrx_word' id='word_1_390' title='bbox 239 3497 262 3534; x_wconf 76' lang='lat'><strong>⁸⁴</strong></span> <span class='ocrx_word' id='word_1_391' title='bbox 275 3497 358 3555; x_wconf 78' lang='lat' dir='ltr'><strong>Flore</strong></span> <span class='ocrx_word' id='word_1_392' title='bbox 371 3502 457 3556; x_wconf 76' lang='lat' dir='ltr'><strong>Fran.</strong></span> <span class='ocrx_word' id='word_1_393' title='bbox 473 3497 495 3532; x_wconf 77' lang='lat'><strong>³⁸</strong></span> <span class='ocrx_word' id='word_1_394' title='bbox 505 3497 625 3554; x_wconf 84' lang='lat' dir='ltr'><strong>AEdlbus</strong></span> <span class='ocrx_word' id='word_1_395' title='bbox 639 3497 731 3554; x_wconf 90' lang='lat' dir='ltr'><strong>saeris</strong></span> <span class='ocrx_word' id='word_1_396' title='bbox 747 3497 853 3555; x_wconf 88' lang='lat' dir='ltr'><strong>Cereri.</strong></span> <span class='ocrx_word' id='word_1_397' title='bbox 869 3500 992 3556; x_wconf 81' lang='lat' dir='ltr'><strong>litenan.</strong></span> <span class='ocrx_word' id='word_1_398' title='bbox 1004 3501 1025 3538; x_wconf 78' lang='lat'><strong>⁵⁸</strong></span> <span class='ocrx_word' id='word_1_399' title='bbox 1040 3500 1090 3556; x_wconf 86' lang='lat' dir='ltr'><strong>Cui</strong></span> <span class='ocrx_word' id='word_1_400' title='bbox 1107 3500 1211 3574; x_wconf 79' lang='lat' dir='ltr'><strong>Ripalt.</strong></span> <span class='ocrx_word' id='word_1_401' title='bbox 1226 3501 1247 3536; x_wconf 79' lang='lat'><strong>⁸⁷</strong></span> <span class='ocrx_word' id='word_1_402' title='bbox 1264 3500 1373 3556; x_wconf 90' lang='lat' dir='ltr'><strong>lnserta</strong></span> <span class='ocrx_word' id='word_1_403' title='bbox 1387 3500 1485 3556; x_wconf 82' lang='lat' dir='ltr'><strong>Wonw.</strong></span> <span class='ocrx_word' id='word_1_404' title='bbox 1515 3499 1550 3555; x_wconf 92' lang='lat' dir='ltr'><strong>ll.</strong></span> <span class='ocrx_word' id='word_1_405' title='bbox 1564 3501 1596 3565; x_wconf 80' lang='lat' dir='ltr'><strong>S,</strong></span> <span class='ocrx_word' id='word_1_406' title='bbox 1624 3497 1646 3534; x_wconf 80' lang='lat'><strong>⁸⁸</strong></span> <span class='ocrx_word' id='word_1_407' title='bbox 1675 3497 1907 3555; x_wconf 76' lang='lat' dir='ltr'><strong>Pradicationes</strong></span> 
     </span>
     <span class='ocr_line' id='line_1_36' title="bbox 206 3568 1905 3645; baseline 0.001 -19"><span class='ocrx_word' id='word_1_408' title='bbox 206 3569 306 3641; x_wconf 84' lang='lat' dir='ltr'><strong>llipatt.</strong></span> <span class='ocrx_word' id='word_1_409' title='bbox 322 3569 344 3604; x_wconf 78' lang='lat'><strong>⁸⁹</strong></span> <span class='ocrx_word' id='word_1_410' title='bbox 358 3569 474 3624; x_wconf 86' lang='lat' dir='ltr'><strong>Dudum</strong></span> <span class='ocrx_word' id='word_1_411' title='bbox 492 3568 580 3626; x_wconf 84' lang='lat' dir='ltr'><strong>l&#39;enct.</strong></span> <span class='ocrx_word' id='word_1_412' title='bbox 597 3569 681 3624; x_wconf 79' lang='lat' dir='ltr'><strong>Sciat.</strong></span> <span class='ocrx_word' id='word_1_413' title='bbox 696 3569 718 3604; x_wconf 77' lang='lat'><strong>⁶⁰</strong></span> <span class='ocrx_word' id='word_1_414' title='bbox 736 3573 980 3643; x_wconf 79' lang='lat' dir='ltr'><strong>llegcaerablmua</strong></span> <span class='ocrx_word' id='word_1_415' title='bbox 994 3575 1075 3628; x_wconf 85' lang='lat' dir='ltr'><strong>Fron.</strong></span> <span class='ocrx_word' id='word_1_416' title='bbox 1092 3572 1373 3645; x_wconf 87' lang='lat' dir='ltr'><strong>Degenerationibue</strong></span> <span class='ocrx_word' id='word_1_417' title='bbox 1386 3572 1450 3627; x_wconf 78' lang='lat' dir='ltr'><strong>ian.</strong></span> <span class='ocrx_word' id='word_1_418' title='bbox 1461 3571 1552 3626; x_wconf 85' lang='lat' dir='ltr'><strong>Paris.</strong></span> <span class='ocrx_word' id='word_1_419' title='bbox 1568 3570 1608 3626; x_wconf 91' lang='lat' dir='ltr'><strong>De</strong></span> <span class='ocrx_word' id='word_1_420' title='bbox 1630 3571 1828 3642; x_wconf 85' lang='lat' dir='ltr'><strong>gravioribus,</strong></span> <span class='ocrx_word' id='word_1_421' title='bbox 1844 3572 1905 3628; x_wconf 81' lang='lat' dir='ltr'><strong>iat.</strong></span> 
     </span>
    </p>
   </div>
   <div class='ocr_carea' id='block_1_7' title="bbox 204 3640 1907 3770">
    <p class='ocr_par' dir='ltr' id='par_1_9' title="bbox 204 3640 1907 3770">
     <span class='ocr_line' id='line_1_37' title="bbox 204 3640 1907 3770; baseline 0.001 -74"><span class='ocrx_word' id='word_1_422' title='bbox 204 3640 451 3770; x_wconf 46' lang='lat' dir='ltr'><strong>megatieqtilone</strong></span> <span class='ocrx_word' id='word_1_423' title='bbox 466 3657 541 3710; x_wconf 84' lang='lat' dir='ltr'><strong>vere,</strong></span> <span class='ocrx_word' id='word_1_424' title='bbox 559 3641 582 3697; x_wconf 91' lang='lat' dir='ltr'><strong>si</strong></span> <span class='ocrx_word' id='word_1_425' title='bbox 599 3645 702 3697; x_wconf 86' lang='lat' dir='ltr'><strong>oaetera</strong></span> <span class='ocrx_word' id='word_1_426' title='bbox 712 3645 766 3698; x_wconf 90' lang='lat' dir='ltr'><strong>etc.</strong></span> <span class='ocrx_word' id='word_1_427' title='bbox 781 3644 816 3699; x_wconf 91' lang='lat' dir='ltr'><strong>de</strong></span> <span class='ocrx_word' id='word_1_428' title='bbox 832 3643 1002 3716; x_wconf 85' lang='lat' dir='ltr'><strong>publicisne</strong></span> <span class='ocrx_word' id='word_1_429' title='bbox 1018 3644 1144 3716; x_wconf 90' lang='lat' dir='ltr'><strong>propriis</strong></span> <span class='ocrx_word' id='word_1_430' title='bbox 1158 3644 1395 3701; x_wconf 89' lang='lat' dir='ltr'><strong>solemnitatibus</strong></span> <span class='ocrx_word' id='word_1_431' title='bbox 1409 3644 1507 3700; x_wconf 90' lang='lat' dir='ltr'><strong>Woiiw.</strong></span> <span class='ocrx_word' id='word_1_432' title='bbox 1523 3643 1557 3698; x_wconf 93' lang='lat' dir='ltr'><strong>ll.</strong></span> <span class='ocrx_word' id='word_1_433' title='bbox 1574 3640 1603 3699; x_wconf 85' lang='lat' dir='ltr'><strong>S.</strong></span> <span class='ocrx_word' id='word_1_434' title='bbox 1616 3647 1653 3698; x_wconf 80' lang='lat' dir='ltr'><strong>lle</strong></span> <span class='ocrx_word' id='word_1_435' title='bbox 1664 3643 1907 3716; x_wconf 86' lang='lat' dir='ltr'><strong>generationibus</strong></span> 
     </span>
     <span class='ocr_line' id='line_1_38' title="bbox 284 3729 450 3768; baseline -0.006 0"><span class='ocrx_word' id='word_1_436' title='bbox 284 3729 330 3768; x_wconf 90' lang='lat' dir='ltr'><strong>cn.</strong></span> <span class='ocrx_word' id='word_1_437' title='bbox 401 3729 450 3768; x_wconf 85' lang='lat' dir='ltr'><strong>nn.</strong></span> 
     </span>
    </p>
   </div>
   <div class='ocr_carea' id='block_1_8' title="bbox 919 3805 1180 3869">
    <p class='ocr_par' dir='ltr' id='par_1_10' title="bbox 919 3805 1180 3869">
     <span class='ocr_line' id='line_1_39' title="bbox 919 3805 1180 3869; baseline -0.015 -1"><span class='ocrx_word' id='word_1_438' title='bbox 919 3805 1180 3869; x_wconf 88' lang='lat' dir='ltr'><strong>Commentarius.</strong></span> 
     </span>
    </p>
   </div>
   <div class='ocr_carea' id='block_1_9' title="bbox 191 3906 1907 5848">
    <p class='ocr_par' dir='ltr' id='par_1_11' title="bbox 191 3906 1907 5848">
     <span class='ocr_line' id='line_1_40' title="bbox 237 3906 1902 3980; baseline 0.001 -17"><span class='ocrx_word' id='word_1_439' title='bbox 237 3907 294 3980; x_wconf 83' lang='lat'>(39)</span> <span class='ocrx_word' id='word_1_440' title='bbox 309 3906 508 3965; x_wconf 77' lang='lat' dir='ltr'><strong>Floraescliatoe</strong></span> <span class='ocrx_word' id='word_1_441' title='bbox 520 3907 696 3966; x_wconf 74' lang='lat' dir='ltr'><strong>coronandae.</strong></span> <span class='ocrx_word' id='word_1_442' title='bbox 710 3908 871 3967; x_wconf 79' lang='lat' dir='ltr'><strong>Floralibus</strong></span> <span class='ocrx_word' id='word_1_443' title='bbox 898 3911 1020 3979; x_wconf 87' lang='lat' dir='ltr'><strong>scilieet,</strong></span> <span class='ocrx_word' id='word_1_444' title='bbox 1075 3913 1134 3968; x_wconf 87' lang='lat' dir='ltr'><strong>lere</strong></span> <span class='ocrx_word' id='word_1_445' title='bbox 1150 3909 1350 3967; x_wconf 81' lang='lat' dir='ltr'><strong>Tertullianus</strong></span> <span class='ocrx_word' id='word_1_446' title='bbox 1361 3909 1431 3966; x_wconf 91' lang='lat' dir='ltr'><strong>dam</strong></span> <span class='ocrx_word' id='word_1_447' title='bbox 1441 3907 1561 3965; x_wconf 89' lang='lat' dir='ltr'><strong>citatali</strong></span> <span class='ocrx_word' id='word_1_448' title='bbox 1584 3923 1651 3964; x_wconf 92' lang='lat' dir='ltr'><strong>uem</strong></span> <span class='ocrx_word' id='word_1_449' title='bbox 1666 3924 1681 3965; x_wconf 91' lang='lat' dir='ltr'><strong>e</strong></span> <span class='ocrx_word' id='word_1_450' title='bbox 1696 3907 1902 3966; x_wconf 88' lang='lat' dir='ltr'><strong>secriscodici·</strong></span> 
     </span>
     <span class='ocr_line' id='line_1_41' title="bbox 202 3925 1900 4053; baseline 0 -17"><span class='ocrx_word' id='word_1_451' title='bbox 202 3979 292 4036; x_wconf 80' lang='lat' dir='ltr'><strong>Flore</strong></span> <span class='ocrx_word' id='word_1_452' title='bbox 308 3979 409 4035; x_wconf 88' lang='lat' dir='ltr'><strong>sacris.</strong></span> <span class='ocrx_word' id='word_1_453' title='bbox 1074 3984 1141 4048; x_wconf 84' lang='lat' dir='ltr'><strong>bae,</strong></span> <span class='ocrx_word' id='word_1_454' title='bbox 1158 3983 1272 4038; x_wconf 77' lang='lat' dir='ltr'><strong>Grecos</strong></span> <span class='ocrx_word' id='word_1_455' title='bbox 1284 3985 1429 4049; x_wconf 61' lang='lat' dir='ltr'><strong>sectatum</strong></span> <span class='ocrx_word' id='word_1_456' title='bbox 1445 3981 1492 4036; x_wconf 91' lang='lat' dir='ltr'><strong>hic</strong></span> <span class='ocrx_word' id='word_1_457' title='bbox 1507 3925 1689 4053; x_wconf 53' lang='lat' dir='ltr'><strong>naairopinni</strong></span> <span class='ocrx_word' id='word_1_458' title='bbox 1710 3982 1787 4052; x_wconf 84' lang='lat' dir='ltr'><strong>possi</strong></span> <span class='ocrx_word' id='word_1_459' title='bbox 1800 3985 1900 4037; x_wconf 89' lang='lat' dir='ltr'><strong>tamen</strong></span> 
     </span>
     <span class='ocr_line' id='line_1_42' title="bbox 237 4049 1899 4178; baseline 0.001 -72"><span class='ocrx_word' id='word_1_460' title='bbox 237 4051 293 4124; x_wconf 90' lang='grc'>(40)</span> <span class='ocrx_word' id='word_1_461' title='bbox 310 4050 416 4106; x_wconf 77' lang='lat' dir='ltr'><strong>creatis</strong></span> <span class='ocrx_word' id='word_1_462' title='bbox 439 4049 533 4106; x_wconf 80' lang='lat' dir='ltr'><strong>sciolo</strong></span> <span class='ocrx_word' id='word_1_463' title='bbox 561 4049 714 4107; x_wconf 86' lang='lat' dir='ltr'><strong>lionoratnr</strong></span> <span class='ocrx_word' id='word_1_464' title='bbox 740 4053 830 4123; x_wconf 75' lang='lat' dir='ltr'><strong>seriis.</strong></span> <span class='ocrx_word' id='word_1_465' title='bbox 861 4053 909 4108; x_wconf 81' lang='lat' dir='ltr'><strong>Sic</strong></span> <span class='ocrx_word' id='word_1_466' title='bbox 932 4052 1020 4110; x_wconf 90' lang='lat' dir='ltr'><strong>habet</strong></span> <span class='ocrx_word' id='word_1_467' title='bbox 1074 4056 1114 4111; x_wconf 89' lang='lat' dir='ltr'><strong>ait</strong></span> <span class='ocrx_word' id='word_1_468' title='bbox 1143 4071 1204 4126; x_wconf 93' lang='lat' dir='ltr'><strong>pro.</strong></span> <span class='ocrx_word' id='word_1_469' title='bbox 1229 4061 1401 4121; x_wconf 76' lang='lat' dir='ltr'><strong>erraverant,</strong></span> <span class='ocrx_word' id='word_1_470' title='bbox 1426 4052 1551 4108; x_wconf 89' lang='lat' dir='ltr'><strong>habetur</strong></span> <span class='ocrx_word' id='word_1_471' title='bbox 1576 4054 1684 4178; x_wconf 61' lang='lat' dir='ltr'><strong>quippe</strong></span> <span class='ocrx_word' id='word_1_472' title='bbox 1720 4053 1750 4107; x_wconf 92' lang='lat' dir='ltr'><strong>in</strong></span> <span class='ocrx_word' id='word_1_473' title='bbox 1776 4051 1899 4108; x_wconf 74' lang='lat' dir='ltr'><strong>(lineat</strong></span> 
     </span>
     <span class='ocr_line' id='line_1_43' title="bbox 199 4121 1694 4197; baseline 0.001 -20"><span class='ocrx_word' id='word_1_474' title='bbox 199 4128 283 4180; x_wconf 88' lang='lat' dir='ltr'><strong>vatus</strong></span> <span class='ocrx_word' id='word_1_475' title='bbox 299 4123 455 4194; x_wconf 80' lang='lat' dir='ltr'><strong>exemplar.</strong></span> <span class='ocrx_word' id='word_1_476' title='bbox 469 4122 648 4193; x_wconf 86' lang='lat' dir='ltr'><strong>ineptissimi</strong></span> <span class='ocrx_word' id='word_1_477' title='bbox 664 4129 750 4178; x_wconf 83' lang='lat' dir='ltr'><strong>antea</strong></span> <span class='ocrx_word' id='word_1_478' title='bbox 764 4124 926 4197; x_wconf 87' lang='lat' dir='ltr'><strong>legebatur,</strong></span> <span class='ocrx_word' id='word_1_479' title='bbox 939 4124 1019 4182; x_wconf 81' lang='lat' dir='ltr'><strong>Cere·</strong></span> <span class='ocrx_word' id='word_1_480' title='bbox 1073 4125 1303 4195; x_wconf 73' lang='grc' dir='ltr'>ἀπεπλανήθησαν</span> <span class='ocrx_word' id='word_1_481' title='bbox 1319 4122 1372 4178; x_wconf 78' lang='grc' dir='ltr'><strong>ἀπὸ</strong></span> <span class='ocrx_word' id='word_1_482' title='bbox 1385 4129 1435 4192; x_wconf 84' lang='grc' dir='ltr'><strong>τῆς</strong></span> <span class='ocrx_word' id='word_1_483' title='bbox 1451 4121 1578 4184; x_wconf 79' lang='grc' dir='ltr'>πίστεως.</span> <span class='ocrx_word' id='word_1_484' title='bbox 1594 4124 1633 4179; x_wconf 86' lang='lat' dir='ltr'><strong>Lii</strong></span> <span class='ocrx_word' id='word_1_485' title='bbox 1665 4140 1694 4179; x_wconf 86' lang='lat' dir='ltr'><strong>ii.</strong></span> 
     </span>
     <span class='ocr_line' id='line_1_44' title="bbox 200 4192 1902 4270; baseline -0.001 -21"><span class='ocrx_word' id='word_1_486' title='bbox 200 4194 355 4251; x_wconf 68' lang='lat' dir='ltr'><strong>nesciola.</strong></span> <span class='ocrx_word' id='word_1_487' title='bbox 376 4197 495 4250; x_wconf 78' lang='lat' dir='ltr'><strong>creatas</strong></span> <span class='ocrx_word' id='word_1_488' title='bbox 524 4195 610 4250; x_wconf 86' lang='lat' dir='ltr'><strong>lorias</strong></span> <span class='ocrx_word' id='word_1_489' title='bbox 638 4195 718 4260; x_wconf 87' lang='lat' dir='ltr'><strong>dicit,</strong></span> <span class='ocrx_word' id='word_1_490' title='bbox 746 4212 810 4267; x_wconf 83' lang='lat' dir='ltr'><strong>quai</strong></span> <span class='ocrx_word' id='word_1_491' title='bbox 849 4213 906 4252; x_wconf 91' lang='lat' dir='ltr'><strong>noa</strong></span> <span class='ocrx_word' id='word_1_492' title='bbox 936 4201 1021 4253; x_wconf 90' lang='lat' dir='ltr'><strong>erant</strong></span> <span class='ocrx_word' id='word_1_493' title='bbox 1110 4199 1167 4270; x_wconf 86' lang='grc'>(44)</span> <span class='ocrx_word' id='word_1_494' title='bbox 1182 4198 1255 4253; x_wconf 88' lang='lat' dir='ltr'><strong>Sane</strong></span> <span class='ocrx_word' id='word_1_495' title='bbox 1266 4212 1360 4253; x_wconf 88' lang='lat' dir='ltr'><strong>onnon</strong></span> <span class='ocrx_word' id='word_1_496' title='bbox 1376 4196 1428 4251; x_wconf 79' lang='lat' dir='ltr'><strong>iiia</strong></span> <span class='ocrx_word' id='word_1_497' title='bbox 1442 4196 1609 4268; x_wconf 83' lang='lat' dir='ltr'><strong>principalis</strong></span> <span class='ocrx_word' id='word_1_498' title='bbox 1623 4192 1902 4252; x_wconf 76' lang='lat' dir='ltr'><strong>ldatotatriaiscri·</strong></span> 
     </span>
     <span class='ocr_line' id='line_1_45' title="bbox 200 4263 1903 4352; baseline -0.001 -30"><span class='ocrx_word' id='word_1_499' title='bbox 200 4269 343 4323; x_wconf 81' lang='lat' dir='ltr'><strong>statsnut</strong></span> <span class='ocrx_word' id='word_1_500' title='bbox 357 4263 514 4332; x_wconf 87' lang='lat' dir='ltr'><strong>solemnes,</strong></span> <span class='ocrx_word' id='word_1_501' title='bbox 545 4267 595 4322; x_wconf 89' lang='lat' dir='ltr'><strong>sed</strong></span> <span class='ocrx_word' id='word_1_502' title='bbox 624 4266 791 4322; x_wconf 76' lang='lat' dir='ltr'><strong>indictiva:</strong></span> <span class='ocrx_word' id='word_1_503' title='bbox 813 4267 848 4322; x_wconf 89' lang='lat' dir='ltr'><strong>ab</strong></span> <span class='ocrx_word' id='word_1_504' title='bbox 877 4267 1020 4324; x_wconf 86' lang='lat' dir='ltr'><strong>AEdilibue</strong></span> <span class='ocrx_word' id='word_1_505' title='bbox 1076 4271 1118 4342; x_wconf 91' lang='lat' dir='ltr'><strong>psi</strong></span> <span class='ocrx_word' id='word_1_506' title='bbox 1134 4284 1237 4334; x_wconf 80' lang='lat' dir='ltr'><strong>erinon,</strong></span> <span class='ocrx_word' id='word_1_507' title='bbox 1249 4274 1303 4325; x_wconf 89' lang='lat' dir='ltr'><strong>etc.</strong></span> <span class='ocrx_word' id='word_1_508' title='bbox 1320 4268 1424 4324; x_wconf 89' lang='lat' dir='ltr'><strong>Natam</strong></span> <span class='ocrx_word' id='word_1_509' title='bbox 1439 4265 1678 4352; x_wconf 83' lang='lat' dir='ltr'><strong>interrogationis</strong></span> <span class='ocrx_word' id='word_1_510' title='bbox 1693 4264 1817 4337; x_wconf 79' lang='lat' dir='ltr'><strong>adjunxi</strong></span> <span class='ocrx_word' id='word_1_511' title='bbox 1843 4282 1903 4337; x_wconf 83' lang='lat' dir='ltr'><strong>qua</strong></span> 
     </span>
     <span class='ocr_line' id='line_1_46' title="bbox 199 4336 1903 4422; baseline 0 -30"><span class='ocrx_word' id='word_1_512' title='bbox 199 4337 311 4421; x_wconf 81' lang='lat' dir='ltr'><strong>seilicet</strong></span> <span class='ocrx_word' id='word_1_513' title='bbox 326 4341 378 4392; x_wconf 90' lang='lat' dir='ltr'><strong>aut</strong></span> <span class='ocrx_word' id='word_1_514' title='bbox 402 4336 569 4394; x_wconf 84' lang='lat' dir='ltr'><strong>Flaminicis</strong></span> <span class='ocrx_word' id='word_1_515' title='bbox 593 4338 629 4392; x_wconf 93' lang='lat' dir='ltr'><strong>ob</strong></span> <span class='ocrx_word' id='word_1_516' title='bbox 648 4339 794 4394; x_wconf 83' lang='lat' dir='ltr'><strong>sacrificia</strong></span> <span class='ocrx_word' id='word_1_517' title='bbox 822 4339 953 4411; x_wconf 76' lang='lat' dir='ltr'><strong>quadam</strong></span> <span class='ocrx_word' id='word_1_518' title='bbox 973 4340 1020 4395; x_wconf 90' lang='lat' dir='ltr'><strong>io·</strong></span> <span class='ocrx_word' id='word_1_519' title='bbox 1075 4339 1292 4412; x_wconf 86' lang='lat' dir='ltr'><strong>carentialgali</strong></span> <span class='ocrx_word' id='word_1_520' title='bbox 1307 4339 1435 4394; x_wconf 86' lang='lat' dir='ltr'><strong>codices.</strong></span> <span class='ocrx_word' id='word_1_521' title='bbox 1459 4337 1569 4409; x_wconf 83' lang='lat' dir='ltr'><strong>Scripsi</strong></span> <span class='ocrx_word' id='word_1_522' title='bbox 1592 4337 1628 4394; x_wconf 86' lang='lat' dir='ltr'><strong>ad</strong></span> <span class='ocrx_word' id='word_1_523' title='bbox 1655 4337 1825 4422; x_wconf 55' lang='lat' dir='ltr'><strong>senipetam</strong></span> <span class='ocrx_word' id='word_1_524' title='bbox 1843 4336 1903 4392; x_wconf 85' lang='lat' dir='ltr'><strong>ide·</strong></span> 
     </span>
     <span class='ocr_line' id='line_1_47' title="bbox 198 4408 1903 4481; baseline 0.001 -18"><span class='ocrx_word' id='word_1_525' title='bbox 198 4409 294 4465; x_wconf 81' lang='lat' dir='ltr'><strong>dieta.</strong></span> <span class='ocrx_word' id='word_1_526' title='bbox 1076 4413 1177 4481; x_wconf 77' lang='lat' dir='ltr'><strong>lorcin,</strong></span> <span class='ocrx_word' id='word_1_527' title='bbox 1194 4416 1312 4468; x_wconf 88' lang='lat' dir='ltr'><strong>secutus</strong></span> <span class='ocrx_word' id='word_1_528' title='bbox 1331 4409 1465 4466; x_wconf 82' lang='lat' dir='ltr'><strong>lunium.</strong></span> <span class='ocrx_word' id='word_1_529' title='bbox 1493 4426 1563 4466; x_wconf 86' lang='lat' dir='ltr'><strong>nain</strong></span> <span class='ocrx_word' id='word_1_530' title='bbox 1591 4410 1622 4466; x_wconf 94' lang='lat' dir='ltr'><strong>iii</strong></span> <span class='ocrx_word' id='word_1_531' title='bbox 1650 4411 1791 4467; x_wconf 88' lang='lat' dir='ltr'><strong>omnibus</strong></span> <span class='ocrx_word' id='word_1_532' title='bbox 1819 4408 1903 4465; x_wconf 86' lang='lat' dir='ltr'><strong>deest</strong></span> 
     </span>
     <span class='ocr_line' id='line_1_48' title="bbox 236 4478 1901 4562; baseline 0 -28"><span class='ocrx_word' id='word_1_533' title='bbox 236 4480 292 4551; x_wconf 89' lang='grc'>(41)</span> <span class='ocrx_word' id='word_1_534' title='bbox 323 4479 388 4548; x_wconf 82' lang='lat' dir='ltr'><strong>Quis</strong></span> <span class='ocrx_word' id='word_1_535' title='bbox 416 4478 472 4562; x_wconf 73' lang='lat' dir='ltr'><strong>liae</strong></span> <span class='ocrx_word' id='word_1_536' title='bbox 492 4482 626 4562; x_wconf 81' lang='lat' dir='ltr'><strong>complere</strong></span> <span class='ocrx_word' id='word_1_537' title='bbox 652 4479 820 4562; x_wconf 34' lang='lat' dir='ltr'><strong>Christiano·</strong></span> <span class='ocrx_word' id='word_1_538' title='bbox 839 4483 1020 4537; x_wconf 73' lang='lat' dir='ltr'><strong>existimabit.</strong></span> <span class='ocrx_word' id='word_1_539' title='bbox 1076 4484 1251 4556; x_wconf 79' lang='lat' dir='ltr'><strong>praepositio,</strong></span> <span class='ocrx_word' id='word_1_540' title='bbox 1275 4487 1307 4538; x_wconf 89' lang='lat' dir='ltr'><strong>at</strong></span> <span class='ocrx_word' id='word_1_541' title='bbox 1335 4483 1450 4538; x_wconf 89' lang='lat' dir='ltr'><strong>videtur</strong></span> <span class='ocrx_word' id='word_1_542' title='bbox 1474 4480 1609 4538; x_wconf 84' lang='lat' dir='ltr'><strong>addenda</strong></span> <span class='ocrx_word' id='word_1_543' title='bbox 1636 4497 1671 4538; x_wconf 81' lang='lat' dir='ltr'><strong>ex</strong></span> <span class='ocrx_word' id='word_1_544' title='bbox 1695 4480 1901 4553; x_wconf 87' lang='lat' dir='ltr'><strong>sequentibus.</strong></span> 
     </span>
     <span class='ocr_line' id='line_1_49' title="bbox 199 4549 1556 4624; baseline 0.004 -21"><span class='ocrx_word' id='word_1_545' title='bbox 199 4553 320 4606; x_wconf 82' lang='lat' dir='ltr'><strong>Hocest</strong></span> <span class='ocrx_word' id='word_1_546' title='bbox 345 4565 424 4605; x_wconf 89' lang='lat' dir='ltr'><strong>omni</strong></span> <span class='ocrx_word' id='word_1_547' title='bbox 453 4549 628 4616; x_wconf 83' lang='lat' dir='ltr'><strong>christiano,</strong></span> <span class='ocrx_word' id='word_1_548' title='bbox 657 4559 717 4606; x_wconf 89' lang='lat' dir='ltr'><strong>tam</strong></span> <span class='ocrx_word' id='word_1_549' title='bbox 748 4551 902 4623; x_wconf 87' lang='lat' dir='ltr'><strong>discipulo,</strong></span> <span class='ocrx_word' id='word_1_550' title='bbox 932 4569 1020 4624; x_wconf 89' lang='lat' dir='ltr'><strong>quani</strong></span> <span class='ocrx_word' id='word_1_551' title='bbox 1076 4551 1556 4612; x_wconf 80' lang='lat' dir='ltr'><strong>ttaenimclarioraomoia.Lie.</strong></span> 
     </span>
     <span class='ocr_line' id='line_1_50' title="bbox 199 4620 1902 4700; baseline 0.001 -24"><span class='ocrx_word' id='word_1_552' title='bbox 199 4622 348 4692; x_wconf 88' lang='lat' dir='ltr'><strong>magistro.</strong></span> <span class='ocrx_word' id='word_1_553' title='bbox 365 4620 412 4675; x_wconf 83' lang='lat' dir='ltr'><strong>Ait</strong></span> <span class='ocrx_word' id='word_1_554' title='bbox 426 4621 504 4676; x_wconf 92' lang='lat' dir='ltr'><strong>enim</strong></span> <span class='ocrx_word' id='word_1_555' title='bbox 520 4621 654 4676; x_wconf 86' lang='lat' dir='ltr'><strong>excusari</strong></span> <span class='ocrx_word' id='word_1_556' title='bbox 672 4639 757 4694; x_wconf 86' lang='lat' dir='ltr'><strong>posse</strong></span> <span class='ocrx_word' id='word_1_557' title='bbox 770 4623 960 4695; x_wconf 88' lang='lat' dir='ltr'><strong>discipulum,</strong></span> <span class='ocrx_word' id='word_1_558' title='bbox 974 4623 1021 4681; x_wconf 91' lang='lat' dir='ltr'><strong>cni</strong></span> <span class='ocrx_word' id='word_1_559' title='bbox 1112 4628 1168 4700; x_wconf 88' lang='grc'>(45)</span> <span class='ocrx_word' id='word_1_560' title='bbox 1185 4627 1288 4682; x_wconf 83' lang='lat' dir='ltr'><strong>Caetera</strong></span> <span class='ocrx_word' id='word_1_561' title='bbox 1300 4625 1528 4698; x_wconf 67' lang='lat' dir='ltr'><strong>peregrinitatis.</strong></span> <span class='ocrx_word' id='word_1_562' title='bbox 1544 4622 1727 4682; x_wconf 76' lang='lat' dir='ltr'><strong>constructio</strong></span> <span class='ocrx_word' id='word_1_563' title='bbox 1741 4628 1902 4692; x_wconf 77' lang='lat' dir='ltr'><strong>sstgroeca,</strong></span> 
     </span>
     <span class='ocr_line' id='line_1_51' title="bbox 198 4675 1903 4773; baseline 0 -25"><span class='ocrx_word' id='word_1_564' title='bbox 198 4708 317 4750; x_wconf 91' lang='lat' dir='ltr'><strong>neccsse</strong></span> <span class='ocrx_word' id='word_1_565' title='bbox 332 4692 498 4748; x_wconf 88' lang='lat' dir='ltr'><strong>estdiscere</strong></span> <span class='ocrx_word' id='word_1_566' title='bbox 512 4691 629 4773; x_wconf 73' lang='lat' dir='ltr'><strong>litteras¹</strong></span> <span class='ocrx_word' id='word_1_567' title='bbox 649 4693 685 4749; x_wconf 91' lang='lat' dir='ltr'><strong>ab</strong></span> <span class='ocrx_word' id='word_1_568' title='bbox 714 4694 830 4750; x_wconf 89' lang='lat' dir='ltr'><strong>ethnico</strong></span> <span class='ocrx_word' id='word_1_569' title='bbox 861 4697 1000 4768; x_wconf 85' lang='lat' dir='ltr'><strong>magistra</strong></span> <span class='ocrx_word' id='word_1_570' title='bbox 1014 4721 1021 4764; x_wconf 88' lang='lat'>;</span> <span class='ocrx_word' id='word_1_571' title='bbox 1037 4675 1060 4740; x_wconf 79' lang='grc'>44</span> <span class='ocrx_word' id='word_1_572' title='bbox 1076 4707 1157 4755; x_wconf 87' lang='lat' dir='ltr'><strong>notat</strong></span> <span class='ocrx_word' id='word_1_573' title='bbox 1173 4697 1285 4754; x_wconf 87' lang='lat' dir='ltr'><strong>scilicet</strong></span> <span class='ocrx_word' id='word_1_574' title='bbox 1299 4696 1623 4762; x_wconf 84' lang='lat' dir='ltr'><strong>exoticaodoramente,</strong></span> <span class='ocrx_word' id='word_1_575' title='bbox 1641 4711 1708 4766; x_wconf 81' lang='lat' dir='ltr'><strong>qum</strong></span> <span class='ocrx_word' id='word_1_576' title='bbox 1735 4710 1770 4752; x_wconf 87' lang='lat' dir='ltr'><strong>ex</strong></span> <span class='ocrx_word' id='word_1_577' title='bbox 1794 4693 1903 4750; x_wconf 81' lang='lat' dir='ltr'><strong>arabia</strong></span> 
     </span>
     <span class='ocr_line' id='line_1_52' title="bbox 198 4763 1669 4836; baseline 0 -16"><span class='ocrx_word' id='word_1_578' title='bbox 198 4765 311 4820; x_wconf 88' lang='lat' dir='ltr'><strong>atlcrri</strong></span> <span class='ocrx_word' id='word_1_579' title='bbox 333 4780 391 4820; x_wconf 91' lang='lat' dir='ltr'><strong>nou</strong></span> <span class='ocrx_word' id='word_1_580' title='bbox 419 4779 504 4834; x_wconf 90' lang='lat' dir='ltr'><strong>pesse</strong></span> <span class='ocrx_word' id='word_1_581' title='bbox 530 4763 734 4836; x_wconf 89' lang='lat' dir='ltr'><strong>christianam,</strong></span> <span class='ocrx_word' id='word_1_582' title='bbox 764 4768 813 4836; x_wconf 92' lang='lat' dir='ltr'><strong>qul</strong></span> <span class='ocrx_word' id='word_1_583' title='bbox 842 4774 906 4836; x_wconf 90' lang='lat' dir='ltr'><strong>post</strong></span> <span class='ocrx_word' id='word_1_584' title='bbox 932 4768 1018 4823; x_wconf 90' lang='lat' dir='ltr'><strong>lidem</strong></span> <span class='ocrx_word' id='word_1_585' title='bbox 1073 4774 1102 4825; x_wconf 87' lang='lat' dir='ltr'><strong>iri</strong></span> <span class='ocrx_word' id='word_1_586' title='bbox 1130 4775 1260 4826; x_wconf 88' lang='lat' dir='ltr'><strong>nostrum</strong></span> <span class='ocrx_word' id='word_1_587' title='bbox 1277 4769 1377 4825; x_wconf 91' lang='lat' dir='ltr'><strong>arbem</strong></span> <span class='ocrx_word' id='word_1_588' title='bbox 1389 4766 1585 4824; x_wconf 85' lang='lat' dir='ltr'><strong>advehuntur.</strong></span> <span class='ocrx_word' id='word_1_589' title='bbox 1602 4767 1669 4822; x_wconf 83' lang='lat' dir='ltr'><strong>bic.</strong></span> 
     </span>
     <span class='ocr_line' id='line_1_53' title="bbox 196 4834 1900 4912; baseline 0 -21"><span class='ocrx_word' id='word_1_590' title='bbox 196 4836 310 4893; x_wconf 83' lang='lat' dir='ltr'><strong>Christo</strong></span> <span class='ocrx_word' id='word_1_591' title='bbox 325 4837 423 4891; x_wconf 90' lang='lat' dir='ltr'><strong>datam</strong></span> <span class='ocrx_word' id='word_1_592' title='bbox 438 4835 711 4903; x_wconf 81' lang='lat' dir='ltr'><strong>lietludimogiatnr,</strong></span> <span class='ocrx_word' id='word_1_593' title='bbox 742 4848 766 4892; x_wconf 89' lang='lat' dir='ltr'><strong>ei</strong></span> <span class='ocrx_word' id='word_1_594' title='bbox 784 4838 895 4894; x_wconf 88' lang='lat' dir='ltr'><strong>litteras</strong></span> <span class='ocrx_word' id='word_1_595' title='bbox 917 4839 1020 4895; x_wconf 88' lang='lat' dir='ltr'><strong>doceat</strong></span> <span class='ocrx_word' id='word_1_596' title='bbox 1107 4843 1266 4912; x_wconf 72' lang='lat' dir='ltr'><strong>lldllltiam</strong></span> <span class='ocrx_word' id='word_1_597' title='bbox 1284 4840 1441 4896; x_wconf 81' lang='lat' dir='ltr'><strong>bominibus</strong></span> <span class='ocrx_word' id='word_1_598' title='bbox 1470 4839 1505 4894; x_wconf 87' lang='lat' dir='ltr'><strong>ad</strong></span> <span class='ocrx_word' id='word_1_599' title='bbox 1532 4841 1673 4912; x_wconf 74' lang='lat' dir='ltr'><strong>pigmenta</strong></span> <span class='ocrx_word' id='word_1_600' title='bbox 1701 4834 1900 4902; x_wconf 82' lang='lat' dir='ltr'><strong>medicinalia,</strong></span> 
     </span>
     <span class='ocr_line' id='line_1_54' title="bbox 197 4904 1902 4996; baseline 0 -34"><span class='ocrx_word' id='word_1_601' title='bbox 197 4904 735 4978; x_wconf 84' lang='lat' dir='ltr'><strong>crebrispoetarumpraeleetionibas,</strong></span> <span class='ocrx_word' id='word_1_602' title='bbox 755 4910 900 4965; x_wconf 91' lang='lat' dir='ltr'><strong>idolorum</strong></span> <span class='ocrx_word' id='word_1_603' title='bbox 926 4911 1018 4980; x_wconf 86' lang='lat' dir='ltr'><strong>inqui·</strong></span> <span class='ocrx_word' id='word_1_604' title='bbox 1072 4917 1142 4968; x_wconf 87' lang='lat' dir='ltr'><strong>Nam</strong></span> <span class='ocrx_word' id='word_1_605' title='bbox 1159 4919 1187 4969; x_wconf 89' lang='lat' dir='ltr'><strong>et</strong></span> <span class='ocrx_word' id='word_1_606' title='bbox 1203 4913 1350 4996; x_wconf 82' lang='lat' dir='ltr'><strong>pigmenta</strong></span> <span class='ocrx_word' id='word_1_607' title='bbox 1364 4917 1434 4966; x_wconf 90' lang='lat' dir='ltr'><strong>sarit</strong></span> <span class='ocrx_word' id='word_1_608' title='bbox 1450 4909 1532 4966; x_wconf 90' lang='lat' dir='ltr'><strong>utilia</strong></span> <span class='ocrx_word' id='word_1_609' title='bbox 1562 4909 1725 4966; x_wconf 72' lang='lat' dir='ltr'><strong>medicinas.</strong></span> <span class='ocrx_word' id='word_1_610' title='bbox 1756 4906 1840 4965; x_wconf 86' lang='lat' dir='ltr'><strong>Unde</strong></span> <span class='ocrx_word' id='word_1_611' title='bbox 1870 4912 1902 4962; x_wconf 90' lang='lat' dir='ltr'><strong>et</strong></span> 
     </span>
     <span class='ocr_line' id='line_1_55' title="bbox 196 4977 1900 5056; baseline 0.001 -22"><span class='ocrx_word' id='word_1_612' title='bbox 196 4981 431 5049; x_wconf 67' lang='lat' dir='ltr'><strong>cementisque</strong></span> <span class='ocrx_word' id='word_1_613' title='bbox 447 4977 569 5046; x_wconf 91' lang='lat' dir='ltr'><strong>probare</strong></span> <span class='ocrx_word' id='word_1_614' title='bbox 584 4982 682 5034; x_wconf 88' lang='lat' dir='ltr'><strong>tamen</strong></span> <span class='ocrx_word' id='word_1_615' title='bbox 709 4981 837 5037; x_wconf 85' lang='lat' dir='ltr'><strong>videatur</strong></span> <span class='ocrx_word' id='word_1_616' title='bbox 854 4983 1018 5039; x_wconf 89' lang='lat' dir='ltr'><strong>enarrando</strong></span> <span class='ocrx_word' id='word_1_617' title='bbox 1072 4983 1258 5056; x_wconf 85' lang='lat' dir='ltr'><strong>pigmentarii</strong></span> <span class='ocrx_word' id='word_1_618' title='bbox 1274 4983 1343 5038; x_wconf 85' lang='lat' dir='ltr'><strong>dicti</strong></span> <span class='ocrx_word' id='word_1_619' title='bbox 1364 4981 1608 5054; x_wconf 79' lang='lat' dir='ltr'><strong>pharmacopolae.</strong></span> <span class='ocrx_word' id='word_1_620' title='bbox 1628 4979 1726 5036; x_wconf 85' lang='lat' dir='ltr'><strong>Julius</strong></span> <span class='ocrx_word' id='word_1_621' title='bbox 1741 4979 1900 5048; x_wconf 74' lang='lat' dir='ltr'><strong>Firminus,</strong></span> 
     </span>
     <span class='ocr_line' id='line_1_56' title="bbox 196 5047 1902 5126; baseline -0.003 -16"><span class='ocrx_word' id='word_1_622' title='bbox 196 5051 437 5122; x_wconf 68' lang='lat' dir='ltr'><strong>explicandaque·</strong></span> <span class='ocrx_word' id='word_1_623' title='bbox 450 5047 514 5104; x_wconf 72' lang='grc'>4414.</span> <span class='ocrx_word' id='word_1_624' title='bbox 1073 5055 1122 5111; x_wconf 92' lang='lat' dir='ltr'><strong>lib.</strong></span> <span class='ocrx_word' id='word_1_625' title='bbox 1141 5073 1200 5121; x_wconf 89' lang='lat' dir='ltr'><strong>vill,</strong></span> <span class='ocrx_word' id='word_1_626' title='bbox 1220 5071 1283 5125; x_wconf 87' lang='lat' dir='ltr'><strong>cap.</strong></span> <span class='ocrx_word' id='word_1_627' title='bbox 1311 5055 1392 5109; x_wconf 64' lang='lat' dir='ltr'><strong>lim</strong></span> <span class='ocrx_word' id='word_1_628' title='bbox 1414 5053 1605 5126; x_wconf 77' lang='lat' dir='ltr'><strong>Quicumque</strong></span> <span class='ocrx_word' id='word_1_629' title='bbox 1633 5053 1689 5109; x_wconf 88' lang='lat' dir='ltr'><strong>sub</strong></span> <span class='ocrx_word' id='word_1_630' title='bbox 1718 5050 1774 5107; x_wconf 88' lang='lat' dir='ltr'><strong>hoc</strong></span> <span class='ocrx_word' id='word_1_631' title='bbox 1802 5051 1902 5106; x_wconf 86' lang='lat' dir='ltr'><strong>sidere</strong></span> 
     </span>
     <span class='ocr_line' id='line_1_57' title="bbox 230 5118 1898 5201; baseline -0.01 -9"><span class='ocrx_word' id='word_1_632' title='bbox 230 5118 492 5201; x_wconf 69' lang='lat' dir='ltr'><strong>(ltmatdcidoii&#39;s</strong></span> <span class='ocrx_word' id='word_1_633' title='bbox 519 5119 679 5174; x_wconf 75' lang='grc'>4444444444·</span> <span class='ocrx_word' id='word_1_634' title='bbox 710 5121 782 5176; x_wconf 84' lang='lat' dir='ltr'><strong>Hinc</strong></span> <span class='ocrx_word' id='word_1_635' title='bbox 806 5127 928 5194; x_wconf 89' lang='lat' dir='ltr'><strong>apparet</strong></span> <span class='ocrx_word' id='word_1_636' title='bbox 955 5129 1015 5178; x_wconf 82' lang='lat' dir='ltr'><strong>Aa·</strong></span> <span class='ocrx_word' id='word_1_637' title='bbox 1071 5128 1131 5182; x_wconf 91' lang='lat' dir='ltr'><strong>nati</strong></span> <span class='ocrx_word' id='word_1_638' title='bbox 1149 5122 1740 5197; x_wconf 84' lang='lat' dir='ltr'><strong>luerint,iiinrsleruni‚ielquivenanis</strong></span> <span class='ocrx_word' id='word_1_639' title='bbox 1764 5138 1800 5178; x_wconf 85' lang='lat' dir='ltr'><strong>cx</strong></span> <span class='ocrx_word' id='word_1_640' title='bbox 1829 5120 1898 5176; x_wconf 89' lang='lat' dir='ltr'><strong>her·</strong></span> 
     </span>
     <span class='ocr_line' id='line_1_58' title="bbox 194 5191 1900 5271; baseline 0 -24"><span class='ocrx_word' id='word_1_641' title='bbox 194 5193 283 5248; x_wconf 88' lang='lat' dir='ltr'><strong>cteris</strong></span> <span class='ocrx_word' id='word_1_642' title='bbox 296 5195 452 5260; x_wconf 86' lang='lat' dir='ltr'><strong>sententia,</strong></span> <span class='ocrx_word' id='word_1_643' title='bbox 468 5195 545 5260; x_wconf 88' lang='lat' dir='ltr'><strong>quad</strong></span> <span class='ocrx_word' id='word_1_644' title='bbox 562 5191 590 5245; x_wconf 93' lang='lat' dir='ltr'><strong>in</strong></span> <span class='ocrx_word' id='word_1_645' title='bbox 607 5194 838 5261; x_wconf 80' lang='lat' dir='ltr'><strong>precedentibus</strong></span> <span class='ocrx_word' id='word_1_646' title='bbox 851 5211 907 5250; x_wconf 92' lang='lat' dir='ltr'><strong>oon</strong></span> <span class='ocrx_word' id='word_1_647' title='bbox 923 5194 1016 5266; x_wconf 82' lang='lat' dir='ltr'><strong>loqui·</strong></span> <span class='ocrx_word' id='word_1_648' title='bbox 1070 5199 1173 5255; x_wconf 87' lang='lat' dir='ltr'><strong>baram</strong></span> <span class='ocrx_word' id='word_1_649' title='bbox 1190 5197 1349 5271; x_wconf 89' lang='lat' dir='ltr'><strong>pigmentis</strong></span> <span class='ocrx_word' id='word_1_650' title='bbox 1364 5196 1505 5253; x_wconf 86' lang='lat' dir='ltr'><strong>conlectis</strong></span> <span class='ocrx_word' id='word_1_651' title='bbox 1520 5195 1661 5254; x_wconf 83' lang='lat' dir='ltr'><strong>salutaria</strong></span> <span class='ocrx_word' id='word_1_652' title='bbox 1675 5191 1900 5252; x_wconf 85' lang='lat' dir='ltr'><strong>soleanthami-</strong></span> 
     </span>
     <span class='ocr_line' id='line_1_59' title="bbox 194 5261 1900 5342; baseline 0.002 -26"><span class='ocrx_word' id='word_1_653' title='bbox 194 5270 244 5318; x_wconf 87' lang='lat' dir='ltr'><strong>tar</strong></span> <span class='ocrx_word' id='word_1_654' title='bbox 258 5265 293 5319; x_wconf 92' lang='lat' dir='ltr'><strong>de</strong></span> <span class='ocrx_word' id='word_1_655' title='bbox 309 5262 388 5318; x_wconf 93' lang='lat' dir='ltr'><strong>nuda</strong></span> <span class='ocrx_word' id='word_1_656' title='bbox 402 5261 521 5317; x_wconf 91' lang='lat' dir='ltr'><strong>dcoriiin</strong></span> <span class='ocrx_word' id='word_1_657' title='bbox 539 5277 572 5316; x_wconf 91' lang='lat' dir='ltr'><strong>ac</strong></span> <span class='ocrx_word' id='word_1_658' title='bbox 594 5262 747 5342; x_wconf 71' lang='lat' dir='ltr'><strong>pontinum</strong></span> <span class='ocrx_word' id='word_1_659' title='bbox 763 5266 933 5321; x_wconf 88' lang='lat' dir='ltr'><strong>eorumdem</strong></span> <span class='ocrx_word' id='word_1_660' title='bbox 950 5283 1014 5338; x_wconf 91' lang='lat' dir='ltr'><strong>pro·</strong></span> <span class='ocrx_word' id='word_1_661' title='bbox 1070 5271 1158 5325; x_wconf 90' lang='lat' dir='ltr'><strong>nibus</strong></span> <span class='ocrx_word' id='word_1_662' title='bbox 1173 5268 1492 5340; x_wconf 84' lang='lat' dir='ltr'><strong>remediaoomparare.</strong></span> <span class='ocrx_word' id='word_1_663' title='bbox 1510 5267 1685 5341; x_wconf 75' lang='lat' dir='ltr'><strong>»pigmenta</strong></span> <span class='ocrx_word' id='word_1_664' title='bbox 1699 5263 1900 5323; x_wconf 80' lang='lat' dir='ltr'><strong>etiamdixere</strong></span> 
     </span>
     <span class='ocr_line' id='line_1_60' title="bbox 194 5332 1898 5410; baseline 0.002 -23"><span class='ocrx_word' id='word_1_665' title='bbox 194 5333 388 5403; x_wconf 90' lang='lat' dir='ltr'><strong>nuntiatione,</strong></span> <span class='ocrx_word' id='word_1_666' title='bbox 410 5333 459 5388; x_wconf 88' lang='lat' dir='ltr'><strong>sed</strong></span> <span class='ocrx_word' id='word_1_667' title='bbox 490 5332 716 5390; x_wconf 82' lang='lat' dir='ltr'><strong>catechizatione</strong></span> <span class='ocrx_word' id='word_1_668' title='bbox 745 5341 774 5390; x_wconf 89' lang='lat' dir='ltr'><strong>et</strong></span> <span class='ocrx_word' id='word_1_669' title='bbox 800 5337 1014 5408; x_wconf 79' lang='lat' dir='ltr'><strong>praedicatione,</strong></span> <span class='ocrx_word' id='word_1_670' title='bbox 1069 5337 1566 5408; x_wconf 83' lang='lat' dir='ltr'><strong>condimentatlessiiiaus,collat.</strong></span> <span class='ocrx_word' id='word_1_671' title='bbox 1597 5337 1898 5410; x_wconf 76' lang='lat' dir='ltr'><strong>15,osp.3:·‹oor·</strong></span> 
     </span>
     <span class='ocr_line' id='line_1_61' title="bbox 193 5404 1898 5538; baseline 0.004 -80"><span class='ocrx_word' id='word_1_672' title='bbox 193 5404 661 5486; x_wconf 80' lang='lat' dir='ltr'><strong>aobonorilicamentione,utid</strong></span> <span class='ocrx_word' id='word_1_673' title='bbox 683 5413 886 5464; x_wconf 91' lang='lat' dir='ltr'><strong>aemocontra</strong></span> <span class='ocrx_word' id='word_1_674' title='bbox 907 5411 1015 5466; x_wconf 90' lang='lat' dir='ltr'><strong>mede·</strong></span> <span class='ocrx_word' id='word_1_675' title='bbox 1068 5420 1336 5496; x_wconf 91' lang='lat' dir='ltr'><strong>peramortuorum</strong></span> <span class='ocrx_word' id='word_1_676' title='bbox 1366 5410 1525 5538; x_wconf 68' lang='lat' dir='ltr'><strong>pigmentis</strong></span> <span class='ocrx_word' id='word_1_677' title='bbox 1548 5411 1668 5467; x_wconf 89' lang='lat' dir='ltr'><strong>condita</strong></span> <span class='ocrx_word' id='word_1_678' title='bbox 1689 5405 1898 5465; x_wconf 84' lang='lat' dir='ltr'><strong>redolentibus</strong></span> 
     </span>
     <span class='ocr_line' id='line_1_62' title="bbox 194 5476 1900 5602; baseline 0.002 -72"><span class='ocrx_word' id='word_1_679' title='bbox 194 5479 404 5602; x_wconf 71' lang='lat' dir='ltr'><strong>torqueatqui</strong></span> <span class='ocrx_word' id='word_1_680' title='bbox 422 5476 556 5557; x_wconf 80' lang='lat' dir='ltr'><strong>fortassis</strong></span> <span class='ocrx_word' id='word_1_681' title='bbox 576 5478 754 5546; x_wconf 86' lang='lat' dir='ltr'><strong>quibusdam</strong></span> <span class='ocrx_word' id='word_1_682' title='bbox 779 5479 898 5536; x_wconf 86' lang='lat' dir='ltr'><strong>videbor</strong></span> <span class='ocrx_word' id='word_1_683' title='bbox 920 5479 950 5534; x_wconf 88' lang='lat' dir='ltr'><strong>iii</strong></span> <span class='ocrx_word' id='word_1_684' title='bbox 968 5481 1014 5538; x_wconf 89' lang='lat' dir='ltr'><strong>bis</strong></span> <span class='ocrx_word' id='word_1_685' title='bbox 1068 5501 1097 5538; x_wconf 92' lang='lat' dir='ltr'><strong>iii</strong></span> <span class='ocrx_word' id='word_1_686' title='bbox 1126 5485 1300 5540; x_wconf 90' lang='lat' dir='ltr'><strong>editioribus</strong></span> <span class='ocrx_word' id='word_1_687' title='bbox 1325 5481 1439 5539; x_wconf 86' lang='lat' dir='ltr'><strong>ualuis</strong></span> <span class='ocrx_word' id='word_1_688' title='bbox 1474 5481 1714 5538; x_wconf 69' lang='lat' dir='ltr'><strong>recondantur·</strong></span> <span class='ocrx_word' id='word_1_689' title='bbox 1744 5477 1774 5536; x_wconf 83' lang='lat' dir='ltr'><strong>Si</strong></span> <span class='ocrx_word' id='word_1_690' title='bbox 1803 5478 1900 5535; x_wconf 87' lang='lat' dir='ltr'><strong>etiam</strong></span> 
     </span>
     <span class='ocr_line' id='line_1_63' title="bbox 192 5545 1907 5626; baseline 0.002 -24"><span class='ocrx_word' id='word_1_691' title='bbox 192 5548 373 5620; x_wconf 87' lang='lat' dir='ltr'><strong>expicnndie</strong></span> <span class='ocrx_word' id='word_1_692' title='bbox 398 5545 544 5618; x_wconf 90' lang='lat' dir='ltr'><strong>prolixior.</strong></span> <span class='ocrx_word' id='word_1_693' title='bbox 576 5549 629 5602; x_wconf 73' lang='lat' dir='ltr'><strong>sed</strong></span> <span class='ocrx_word' id='word_1_694' title='bbox 661 5551 827 5608; x_wconf 90' lang='lat' dir='ltr'><strong>meminerit</strong></span> <span class='ocrx_word' id='word_1_695' title='bbox 849 5552 939 5608; x_wconf 90' lang='lat' dir='ltr'><strong>lector</strong></span> <span class='ocrx_word' id='word_1_696' title='bbox 968 5569 1014 5608; x_wconf 89' lang='lat' dir='ltr'><strong>me</strong></span> <span class='ocrx_word' id='word_1_697' title='bbox 1067 5556 1155 5610; x_wconf 81' lang='lat' dir='ltr'><strong>llxodi</strong></span> <span class='ocrx_word' id='word_1_698' title='bbox 1182 5571 1245 5626; x_wconf 88' lang='lat' dir='ltr'><strong>cap.</strong></span> <span class='ocrx_word' id='word_1_699' title='bbox 1271 5571 1376 5621; x_wconf 85' lang='lat' dir='ltr'><strong>xxxvii,</strong></span> <span class='ocrx_word' id='word_1_700' title='bbox 1405 5553 1461 5608; x_wconf 86' lang='lat' dir='ltr'><strong>sub</strong></span> <span class='ocrx_word' id='word_1_701' title='bbox 1485 5554 1584 5620; x_wconf 86' lang='lat' dir='ltr'><strong>linem,</strong></span> <span class='ocrx_word' id='word_1_702' title='bbox 1613 5554 1685 5626; x_wconf 80' lang='lat' dir='ltr'><strong>apae</strong></span> <span class='ocrx_word' id='word_1_703' title='bbox 1713 5551 1907 5623; x_wconf 75' lang='lat' dir='ltr'><strong>pigmentarii</strong></span> 
     </span>
     <span class='ocr_line' id='line_1_64' title="bbox 192 5617 1837 5700; baseline 0.001 -26"><span class='ocrx_word' id='word_1_704' title='bbox 192 5635 250 5674; x_wconf 91' lang='lat' dir='ltr'><strong>non</strong></span> <span class='ocrx_word' id='word_1_705' title='bbox 263 5619 367 5684; x_wconf 87' lang='lat' dir='ltr'><strong>doctis,</strong></span> <span class='ocrx_word' id='word_1_706' title='bbox 383 5619 432 5672; x_wconf 87' lang='lat' dir='ltr'><strong>sed</strong></span> <span class='ocrx_word' id='word_1_707' title='bbox 454 5617 641 5691; x_wconf 88' lang='lat' dir='ltr'><strong>potissimum</strong></span> <span class='ocrx_word' id='word_1_708' title='bbox 667 5623 790 5680; x_wconf 87' lang='lat' dir='ltr'><strong>rudibus</strong></span> <span class='ocrx_word' id='word_1_709' title='bbox 815 5623 870 5681; x_wconf 87' lang='lat' dir='ltr'><strong>has</strong></span> <span class='ocrx_word' id='word_1_710' title='bbox 894 5624 1015 5680; x_wconf 89' lang='lat' dir='ltr'><strong>adnota—</strong></span> <span class='ocrx_word' id='word_1_711' title='bbox 1067 5626 1184 5691; x_wconf 88' lang='lat' dir='ltr'><strong>dicitur,</strong></span> <span class='ocrx_word' id='word_1_712' title='bbox 1201 5626 1279 5698; x_wconf 94' lang='lat' dir='ltr'><strong>quod</strong></span> <span class='ocrx_word' id='word_1_713' title='bbox 1296 5626 1498 5698; x_wconf 72' lang='lat' dir='ltr'><strong>septuaginta.</strong></span> <span class='ocrx_word' id='word_1_714' title='bbox 1529 5619 1606 5700; x_wconf 70' lang='lat' dir='ltr'><strong>ip-pei</strong></span> <span class='ocrx_word' id='word_1_715' title='bbox 1622 5624 1754 5698; x_wconf 79' lang='grc' dir='ltr'><strong>μυρεψοῦ.</strong></span> <span class='ocrx_word' id='word_1_716' title='bbox 1771 5621 1837 5678; x_wconf 82' lang='lat' dir='ltr'><strong>ltin.</strong></span> 
     </span>
     <span class='ocr_line' id='line_1_65' title="bbox 191 5690 1898 5771; baseline -0.004 -18"><span class='ocrx_word' id='word_1_717' title='bbox 191 5691 287 5748; x_wconf 79' lang='lat' dir='ltr'><strong>tiones</strong></span> <span class='ocrx_word' id='word_1_718' title='bbox 304 5690 440 5748; x_wconf 64' lang='lat' dir='ltr'><strong>scribere·</strong></span> <span class='ocrx_word' id='word_1_719' title='bbox 457 5693 531 5745; x_wconf 77' lang='grc' dir='ltr'><strong>ΡΑΜ·</strong></span> <span class='ocrx_word' id='word_1_720' title='bbox 1103 5697 1160 5771; x_wconf 80' lang='lat' dir='ltr'><strong>(lt)</strong></span> <span class='ocrx_word' id='word_1_721' title='bbox 1171 5700 1207 5756; x_wconf 83' lang='lat' dir='ltr'><strong>lle</strong></span> <span class='ocrx_word' id='word_1_722' title='bbox 1217 5697 1459 5769; x_wconf 75' lang='lat' dir='ltr'><strong>negotiationibus.</strong></span> <span class='ocrx_word' id='word_1_723' title='bbox 1476 5696 1584 5752; x_wconf 86' lang='lat' dir='ltr'><strong>Mirum</strong></span> <span class='ocrx_word' id='word_1_724' title='bbox 1599 5712 1671 5754; x_wconf 86' lang='lat' dir='ltr'><strong>sane</strong></span> <span class='ocrx_word' id='word_1_725' title='bbox 1684 5695 1732 5750; x_wconf 91' lang='lat' dir='ltr'><strong>hio</strong></span> <span class='ocrx_word' id='word_1_726' title='bbox 1746 5694 1898 5764; x_wconf 88' lang='lat' dir='ltr'><strong>intorpre-</strong></span> 
     </span>
     <span class='ocr_line' id='line_1_66' title="bbox 228 5761 1898 5848; baseline 0.001 -29"><span class='ocrx_word' id='word_1_727' title='bbox 228 5764 284 5848; x_wconf 81' lang='grc'>(45)</span> <span class='ocrx_word' id='word_1_728' title='bbox 300 5761 471 5838; x_wconf 77' lang='lat' dir='ltr'><strong>Cireafideni</strong></span> <span class='ocrx_word' id='word_1_729' title='bbox 497 5761 678 5837; x_wconf 76' lang='lat' dir='ltr'><strong>naasrapinm</strong></span> <span class='ocrx_word' id='word_1_730' title='bbox 705 5765 769 5822; x_wconf 83' lang='lat' dir='ltr'><strong>sant</strong></span> <span class='ocrx_word' id='word_1_731' title='bbox 794 5767 880 5838; x_wconf 82' lang='lat' dir='ltr'><strong>passi.</strong></span> <span class='ocrx_word' id='word_1_732' title='bbox 897 5765 1012 5842; x_wconf 88' lang='lat' dir='ltr'><strong>Ubique</strong></span> <span class='ocrx_word' id='word_1_733' title='bbox 1066 5766 1414 5846; x_wconf 87' lang='lat' dir='ltr'><strong>tesitavariasainpleetl</strong></span> <span class='ocrx_word' id='word_1_734' title='bbox 1428 5767 1610 5829; x_wconf 86' lang='lat' dir='ltr'><strong>sententias:</strong></span> <span class='ocrx_word' id='word_1_735' title='bbox 1626 5766 1772 5829; x_wconf 84' lang='lat' dir='ltr'><strong>altissim</strong></span> <span class='ocrx_word' id='word_1_736' title='bbox 1795 5763 1830 5824; x_wconf 82' lang='lat' dir='ltr'><strong>de</strong></span> <span class='ocrx_word' id='word_1_737' title='bbox 1844 5777 1898 5840; x_wconf 77' lang='lat' dir='ltr'><strong>gs·</strong></span> 
     </span>
    </p>
   </div>
   <div class='ocr_carea' id='block_1_10' title="bbox 0 1 2052 6180">
    <p class='ocr_par' dir='ltr' id='par_1_12' title="bbox 0 1 2052 6180">
     <span class='ocr_line' id='line_1_67' title="bbox 0 1 2052 6180; baseline 0 0"><span class='ocrx_word' id='word_1_738' title='bbox 0 1 2052 6180; x_wconf 95' lang='lat' dir='ltr'><strong> </strong></span> 
     </span>
    </p>
   </div>
  </div>
 </body>
</html>
