4156 6194
198 441 236 502 ott
938 431 1162 493 PRAETA'TTO.
1865 433 1904 494 56

198 571 357 646 arguendis
372 570 583 629 catholicorum
598 569 753 628 sententiis
764 565 1021 640 autimprobandis
1035 566 1063 636 Α
1078 565 1138 622 suit
1152 564 1365 634 adnotationes,
1381 569 1565 639 argumenta,
1580 565 1671 624 vitam
1688 571 1718 626 et
1742 572 1806 625 net.
1842 585 1908 642 qua

196 665 317 717 Petrum
332 661 473 734 Septimio
488 660 685 734 posteriorum
708 657 835 716 decretis
859 657 925 728 (60).
961 656 1022 712 lmo
1077 652 1163 727 longe
1174 655 1315 726 maiorem
1330 654 1489 714 voluminis
1510 659 1621 728 partem
1635 657 1741 729 iusque
1756 657 1905 732 ad.p.78l)

196 749 358 808 sententias
373 754 402 807 et
418 750 535 808 decreta
548 750 614 823 ipsa
625 751 745 806 Petrum
760 748 789 803 iu
819 744 949 802 lloolesia
976 760 1022 800 re·
1077 743 1424 816 occupant,exhibentur
1454 745 1612 802 biotatini
1630 747 1735 803 latinii
1762 748 1911 821 conjectu·

193 838 431 910 oeptissimorum
445 856 562 912 semper
573 839 766 912 opposuimus
782 833 962 892 Tertulliano
979 835 1024 900 ,ut
1075 847 1113 886 re
1136 836 1165 888 et
1192 831 1421 903 emendationes,
1464 836 1505 891 lo.
1534 835 1650 892 Mercari
1685 836 1904 908 adnotationes,

195 927 246 999 qui
262 927 407 985 Africanis
421 928 487 985 istis
501 928 581 985 velut
596 926 719 984 salebris
747 924 945 989 offenduntur,
961 925 1021 978 sta·
1076 920 1160 978 Edm.
1175 920 1311 989 Rioherii,
1328 921 1471 993 Theopori
1495 923 1630 996 Maroilli,
1645 924 1768 982 loannis
1788 943 1804 983 a
1833 929 1906 984 Wo-

195 1016 249 1072 tim
266 1015 395 1072 habeant
410 1033 467 1089 quo
480 1018 586 1073 reierre
599 1016 702 1089 pedem
714 1015 776 1070 luto
791 1013 915 1086 possint.
932 1009 1023 1066 Notas
1076 1026 1139 1066 wer
1152 1017 1181 1066 et
1195 1009 1338 1068 Gabrielis
1354 1011 1541 1084 albaspinrei,
1559 1012 1810 1088 Aureliamepisc.
1827 1021 1902 1072 note

195 1105 285 1162 etiam
301 1105 482 1162 intexuimus
497 1106 643 1162 variarum
656 1103 816 1161 lectionum
829 1098 1022 1173 ,ambiguitati
1077 1101 1106 1155 et
1119 1100 1351 1156 emendationes.
1367 1101 1479 1165 Quibus
1490 1102 1629 1159 omnibus
1639 1105 1848 1161 accommodus
1858 1109 1904 1162 est

108 1219 111 1226 ·
198 1192 390 1267 pensitanda,
407 1195 522 1251 veritati
536 1194 729 1267 explorando,
757 1189 933 1264 conjecturis
948 1205 1021 1246 non·
1077 1186 1164 1244 index
1178 1187 1311 1262 apprime
1325 1188 1418 1244 utilis.
1434 1191 1516 1254 Quod
1532 1190 1561 1245 in
1578 1190 1665 1248 titulo
1681 1192 1902 1265 ponitur,haeoe

195 1295 349 1354 nunquam
364 1281 546 1355 explicandis
567 1287 618 1339 aut
646 1279 867 1338 oondrmandis.
893 1277 1023 1350 Denique
1077 1275 1280 1334 adnotationes
1294 1275 1386 1334 textui
1402 1276 1568 1350 Rigaltiano
1584 1281 1771 1354 respondere,
1797 1297 1905 1338 nume-

195 1369 326 1426 atriensi
339 1367 408 1442 styli
422 1370 538 1442 glossas
554 1369 749 1443 complurium
766 1368 842 1424 inter
856 1383 921 1424 sese
948 1365 1024 1424 loeo·
1077 1364 1117 1421 rie
1133 1366 1307 1438 paginarum
1321 1366 1351 1422 in
1364 1365 1495 1440 margine
1504 1368 1742 1426 observationum
1758 1370 1907 1429 adnotetis

196 1475 263 1516 rum
278 1459 495 1534 comparatione
517 1458 775 1526 nominatissimus,
806 1455 1023 1530 interpretandi
1077 1453 1210 1511 edentum
1226 1460 1280 1526 est,
1292 1453 1333 1512 its
1347 1461 1446 1512 tamen
1463 1460 1496 1512 ut
1510 1456 1630 1516 liberde
1654 1457 1747 1516 Pallio
1773 1463 1802 1516 et
1826 1461 1902 1534 Apo·

196 1547 311 1605 ratione
325 1547 503 1618 certissima,
519 1547 639 1606 illaesas
649 1547 783 1604 diximus
811 1547 910 1604 Gnaeo
938 1561 1022 1603 vooa-
1077 1542 1230 1616 logetieus,
1246 1544 1297 1617 qui
1313 1545 1341 1600 in
1357 1544 1532 1617 Rigaltiauis
1542 1546 1628 1619 plane
1642 1547 1769 1608 aliiiacti
1784 1565 1903 1622 eompa-

195 1636 279 1706 bulo,
292 1653 351 1710 quo
366 1637 474 1694 Fabius
499 1638 621 1694 tradidit
640 1636 747 1710 lingue
762 1635 927 1694 secretioris
938 1650 1023 1690 noces
1077 1635 1153 1701 rent,
1169 1633 1205 1688 ad
1221 1631 1420 1689 Tamaliauam
1435 1634 1632 1692 repensionem
1657 1637 1753 1694 denuo
1777 1639 1902 1696 excude-

173 1799 176 1808 ,
195 1725 296 1784 minus
312 1727 437 1784 usitatae
449 1727 618 1801 significari.
636 1731 723 1783 Porro
746 1725 892 1782 breviores
920 1723 1024 1780 Obser-
1077 1726 1189 1778 rentur.
1213 1721 1357 1780 Velamen
1385 1721 1441 1780 boo
1464 1727 1601 1780 notarum
1628 1726 1752 1783 seorsim
1777 1727 1901 1786 venitin

194 1814 326 1874 vationes
341 1831 374 1872 ao
388 1815 477 1873 Notae
492 1817 641 1890 plerisque
654 1815 733 1872 haud
749 1813 953 1872 satisiaeturss
965 1812 1022 1870 soi·
1077 1809 1223 1884 Caialogis
1245 1827 1332 1883 quam
1349 1809 1486 1884 plurimis
1506 1829 1550 1870 es.
1563 1829 1587 1870 e.
1605 1815 1637 1870 ln
1651 1816 1741 1872 Galat.
1759 1815 1829 1873 tlibi.
1846 1817 1902 1873 Tot·

196 1919 274 1976 mus,
290 1919 343 1962 neo
364 1909 518 1978 propterea
534 1903 649 1979 n'ulpam
661 1904 862 1977 deprecemur.
885 1901 953 1958 dier
967 1901 1022 1958 iate
1035 1935 1060 2002 B
1076 1904 1172 1968 tiana,
1187 1899 1353 1972 bodleianae,
1369 1901 1522 1960 Firmiouee
1535 1906 1564 1959 et
1578 1903 1726 1962 li’dstrdes.
1741 1909 1761 1962 t.
1773 1907 1795 1963 l.

194 1991 331 2052 lentorem
347 2011 406 2051 non
421 1994 549 2053 admittit
577 1995 709 2067 nisijam
739 1993 925 2050 eruditum.»
954 1994 1018 2047 liae
1452 2009 1532 2065 4535,
1712 2055 1714 2064 ,

194 2082 340 2156 Rigaltius
362 2083 393 2139 in
409 2083 610 2158 disputatione
623 2082 782 2156 inscripta:
799 2082 832 2140 de
851 2081 1017 2138 Tertulliano
1108 2121 1122 2150 „
1137 2097 1243 2154 vfflw
1259 2097 1382 2154 (ΜΨ,
1397 2095 1417 2154 1,
1432 2097 1616 2172 qpoqoygqqgg
1633 2099 1732 2157 ,tudio
1761 2100 1897 2159 Ludwig.

192 2173 284 2242 eteius
305 2173 419 2245 seriptis
446 2173 533 2246 deque
556 2174 642 2230 uariis
664 2188 763 2230 comm
788 2171 964 2242 editionibus,
993 2176 1019 2226 et
1071 2187 1418 2262 cyqu‚pmg,in.12e‚„

192 2261 262 2332 quid
275 2261 326 2319 tao
345 2270 439 2320 aesna
460 2270 620 2335 praestetur,
647 2277 710 2335 qua
738 2277 799 2318 uua
816 2277 883 2317 eum
903 2258 1018 2332 episima
1446 2279 1525 2336 1635,

190 2349 362 2408 deilssssliii'ss
376 2350 412 2408 αα
425 2352 596 2408 Arminium
612 2352 677 2408 ΒΜ·
695 2350 890 2408 fliilili'lm‘i
911 2349 955 2452 ed.
981 2346 1017 2404 ῙΧ
1109 2371 1384 2428 stipendiarentur
1395 2368 1696 2440 Tteosoptiosnbhao
1708 2383 1781 2424 nova
1791 2367 1897 2426 inseri-

190 2438 329 2496 ub'mm
355 2457 383 2496 ‘²-
414 2439 555 2497 MDXXIX
596 2439 651 2514 (8ῐο
683 2440 774 2497 limi
818 2441 1015 2514 Pioemstffiu‘·
1070 2455 1898 2534 ptione:ubeotogiespeculativaetpraetieaexpaert-

188 2526 269 2585 llano
286 2531 444 2586 testimonio
455 2533 520 2586 uett.
535 2529 568 2586 de
591 2529 761 2586 Tertulliano
784 2527 1015 2599 subsequuntur,
1071 2549 1127 2606 bu„
1143 2549 1180 2604 ab
1195 2546 1304 2619 insigni
1320 2547 1449 2618 quodam
1463 2545 1600 2619 theologo
1611 2545 1769 2602 mqqggqggq
1784 2545 1899 2619 publici

186 2621 216 2673 et
229 2619 316 2676 semes
338 2618 503 2675 Tertulliani
516 2633 629 2691 operum
644 2633 707 2692 qua’
721 2618 773 2675 tec
795 2617 935 2674 uolumine
954 2631 1016 2672 eoa·
1065 2633 1144 2708 jug„
1155 2633 1243 2691 sagq&
1259 2632 1451 2706 wegembgsg·
1469 2654 1483 2683 „

188 2705 323 2764 lineatur.
339 2707 451 2764 ltemee
464 2707 687 2781 quibusquaeque
697 2714 724 2764 et
746 2707 852 2779 quoties
866 2708 922 2761 siat
943 2703 1016 2760 eodi-
1443 2739 1523 2796 1639·

187 2794 266 2852 citus
276 2796 443 2853 notabiliter
466 2797 630 2854 emendato.
656 2797 686 2853 ld
712 2796 788 2869 quod
805 2794 840 2851 ad
856 2792 1014 2850 minimum
1106 2851 1121 2881 α
1134 2828 1243 2886 Vmffio
1258 2827 1414 2884 mmm
1431 2828 1452 2885 Ι.
1467 2827 1575 2885 Limon

188 2887 295 2956 quater,
311 2885 347 2941 ad
364 2901 515 2941 summum
531 2886 671 2942 ducenties
685 2885 868 2958 quinquaqies
880 2885 921 2956 (in
937 2885 1015 2954 Apo-

187 2971 322 3046 logetioo)
334 2973 365 3030 in
379 2972 527 3047 plerisque
541 2977 676 3046 trigesies,
693 2975 821 3044 reperies,
849 2973 1014 3045 septuoqies,

187 3061 239 3120 aed
269 3065 298 3120 et
321 3063 404 3120 octies
427 3066 540 3132 centies,
564 3065 666 3122 senties
699 3065 836 3136 terpestas,
864 3061 1013 3118 interdurn

1591 2827 1761 2884 Tertulliani
1777 2833 1817 2887 ils
1837 2831 1895 2886 Pu·

1067 2918 1175 2985 tientio,
1191 2917 1225 2973 de
1235 2918 1388 2974 testimonio
1398 2917 1510 2986 anima,
1525 2914 1731 2989 edSoapulam,
1746 2921 1802 2974 eto.
1818 2933 1890 2972 eura

1067 3005 1188 3080 losephi
1202 3005 1349 3074 Pellecier,
1361 3004 1572 3064 barsellona.»

1443 3113 1525 3170 Ι4639.

186 3152 316 3208 omnibus
329 3151 538 3223 insensualis
553 3153 662 3211 laetum
679 3150 921 3208 dicitur.l.ilerde
948 3151 1013 3205 l’al·

186 3239 236 3305 lio,
252 3239 365 3312 scribit,
378 3241 539 3298 nuendotur
552 3240 755 3313 omuibussere
771 3241 954 3312 lineis‚juatu
969 3237 1011 3295 ed.

186 3328 337 3386 doctusimi
351 3329 482 3386 Salmasit
503 3331 542 3388 ud
567 3333 672 3387 vetusta
698 3331 869 3402 exemplaria
896 3307 1049 3387 actura-C

185 3418 520 3490 tissimumpraeterquom
539 3435 588 3476 seo·
601 3424 651 3476 ant
669 3424 772 3491 septem
795 3419 874 3476 loeis.
889 3420 1012 3476 Tantum

186 3504 397 3576 exeipitlndex
418 3506 636 3580 Scripturarum
652 3523 822 3576 saerarnm;
844 3511 908 3564 tum
942 3507 1013 3564 aab·

184 3593 291 3665 juncta
305 3594 360 3652 sub
376 3594 461 3651 titulo
475 3594 579 3653 incerti
596 3598 725 3654 auctoris
742 3598 875 3654 carmina
902 3596 1013 3654 Tertul-

184 3681 264 3739 liano
287 3681 358 3738 olim
394 3683 500 3741 ascribi
532 3683 629 3756 solita,
649 3685 780 3744 aduersus
793 3687 962 3744 liureioaem
990 3685 1010 3742 l.

183 3770 219 3844 V,
234 3771 267 3828 de
285 3771 393 3844 judicio
421 3773 535 3831 Domini
557 3773 678 3844 Genesis,
704 3775 820 3832 Sodoma
845 3794 857 3832 .·
885 3773 1012 3846 denique

183 3860 272 3918 index
286 3875 383 3918 rernm
399 3862 649 3920 memorabilium.
669 3863 913 3922 Observationum
930 3862 1012 3921 libel-

183 3949 232 4006 lus
247 3948 386 4021 penuiiari
398 3950 485 4008 titulo
499 3955 620 4026 gaudet,
644 3954 695 4012 68
711 3953 796 4026 eique
810 3953 935 4011 accessit
964 3957 1012 4011 ln·

184 4037 238 4095 dea
247 4039 401 4110 qlosrarum
417 4040 585 4099 Tertulliani
598 4041 713 4116 egregio
729 4042 851 4100 consilio
879 4046 907 4100 et
928 4042 1011 4116 judi-

181 4126 228 4185 cio
245 4128 407 4186 aculeatus.
424 4129 576 4203 Elegantia
590 4134 619 4188 et
634 4133 728 4189 nitore
745 4137 892 4205 typorum,
907 4130 932 4188 si
943 4130 1011 4203 qui·

184 4217 250 4274 dem
265 4218 421 4289 primaed.
452 4235 509 4276 nou
533 4219 655 4278 interior
679 4220 717 4277 sit
745 4222 890 4286 secunde,
920 4235 1010 4293 quam

183 4321 283 4362 ueram
308 4305 469 4378 intuemur,
499 4308 659 4365 admodum
688 4309 914 4366 commendatur
948 4309 1011 4369 hae

183 4393 284 4465 editio,
300 4395 347 4451 cui
362 4395 527 4470 bibliopola
542 4397 696 4455 honestate
708 4397 787 4454 haud
803 4398 926 4472 exiguus
950 4398 1010 4455 uti-

183 4480 277 4539 litatis
292 4483 431 4539 oumulus
446 4485 571 4542 accessit
586 4485 672 4542 editis
686 4484 883 4559 plurimorum
897 4485 1008 4543 anld.

183 4568 214 4626 iu
245 4569 368 4627 Tertull.
404 4573 647 4630 adnotationibus
688 4573 831 4650 singulari
861 4574 1010 4632 volumine

1103 3226 1117 3254 a
1133 3207 1273 3262 Pronurus
1288 3204 1448 3262 Gsunnnrn
1459 3202 1585 3260 Salebro
1597 3202 1811 3261 Tertullianiaa
1822 3219 1890 3260 oum

1068 3292 1200 3364 ejusdam
1222 3294 1440 3367 comparatione
1471 3293 1645 3366 dogmatum
1660 3291 1796 3366 Origenis
1822 3309 1889 3349 oum

1069 3383 1255 3457 philosophia
1268 3384 1408 3441 Platonis.
1424 3383 1511 3453 reor,
1526 3381 1613 3442 in-te.
1627 3404 1641 3434 u

1106 3598 1117 3626 ι
1132 3579 1241 3638 Vaasro
1255 3579 1413 3637 Hrsessrua
1430 3490 1531 3636 iffi
1544 3579 1579 3636 de
1589 3578 1742 3650 Patientia,
1753 3579 1790 3636 de
1803 3577 1893 3634 Teati·

1066 3668 1165 3726 monio
1180 3669 1297 3738 animae,
1326 3670 1362 3726 ad
1386 3667 1554 3741 Scapulam,
1588 3671 1658 3738 eto,
1686 3665 1891 3740 oumlosepbi

1066 3757 1214 3829 Pellecier,
1226 3757 1412 3815 Bareeilona.
1426 3779 1448 3902 u⁴

1453 3846 1516 3901 di0.

1104 3933 1240 3992 sVaasro
1256 3933 1379 3992 Ganmoa
1394 3934 1416 3992 1.
1432 3933 1544 4004 Libros,
1556 3935 1592 3992 ds
1615 3934 1756 3992 oratione.
1788 3933 1888 4004 Paria,

1064 4022 1166 4081 in·i2⁰.
1182 4023 1272 4081 —De
1287 4023 1441 4096 Patientia,
1451 4022 1522 4080 ibid.
1540 4023 1584 4095 12,
1599 4026 1719 4080 anctore
1729 4023 1859 4081 liutius-io
1873 4041 1888 4073 n

1101 4243 1115 4272 n
1128 4221 1235 4278 Vsasro
1255 4219 1378 4277 Gaccroa
1392 4221 1428 4276 ll.
1441 4220 1525 4276 libro
1539 4219 1681 4278 DePallio
1694 4235 1764 4277 sura
1791 4218 1884 4276 Titre·

1064 4309 1136 4379 villi,
1152 4309 1245 4367 Paris.
1260 4331 1274 4360 n

1441 4398 1522 4454 toti.

1100 4488 1186 4544 tutet.
1203 4489 1297 4545 Paris.
1313 4503 1337 4545 e.
1349 4488 1455 4560 insipat
1467 4503 1576 4561 meque
1586 4485 1740 4544 seruiet,
1756 4484 1840 4542 Tomi
1853 4485 1888 4542 li.

1064 4576 1096 4642 0.
1109 4575 1188 4649 Sept.
1217 4575 1292 4634 Tlor.
1315 4579 1392 4633 Tert.
1417 4592 1517 4648 opera,
1538 4575 1732 4650 argumentis,
1756 4572 1888 4646 explica·

184 4656 332 4731 tituloque
361 4660 581 4734 eompreheusis
606 4679 613 4717 ε
642 4665 735 4720 iacobi
771 4663 891 4720 Pumelii
922 4665 1007 4736 Rruq.
1023 4665 1204 4741 odonibus,
1233 4665 1311 4722 notis
1334 4664 1492 4736 illustrata,
1517 4669 1594 4722 auct.
1626 4665 1667 4722 lo.
1700 4663 1768 4720 tud.
1797 4663 1830 4720 de
1860 4661 1889 4718 lu

184 4745 286 4819 tuest,
302 4751 357 4805 etc.
372 4749 542 4820 Argumenta
552 4755 578 4808 et
597 4751 800 4810 denotationes
814 4755 846 4809 in
874 4753 904 4822 Q.
934 4753 1007 4827 Sept.

185 4835 226 4892 Fi.
243 4837 409 4895 Tertulliani
431 4855 526 4912 opero,
541 4839 640 4911 quitus
665 4841 780 4914 arnum
802 4846 867 4898 suat
891 4847 1007 4900 annoto·

184 4925 273 4981 tiones
301 4924 481 4984 diuersorum.
512 4926 612 4984 Omnia
641 4931 729 4985 textui
757 4929 886 4986 editionis
913 4930 942 4987 T.
966 4928 1006 4985 Cl.

183 5009 302 5070 Nrconar
321 5017 436 5072 Rtoanrr
459 5016 486 5072 l.
517 5015 779 5090 &respondentia
807 5019 874 5073 Par.
904 5025 1006 5089 sumpt.

181 5101 278 5158 aaut.
304 5103 342 5160 du
369 5106 446 5172 Pais,
475 5107 522 5161 uia
550 5108 607 5163 loc.
625 5107 676 5163 sub
694 5109 770 5178 siquo
786 5105 1005 5168 coronalem.

184 5191 295 5248 Preter
322 5207 356 5249 ea
378 5208 441 5266 qun
459 5192 605 5250 Pamelius
620 5195 650 5250 in
666 5195 1006 5270 Tertullianumoompo·

207 5329 276 5412 ito)
288 5333 338 5392 llis
352 5336 448 5419 verbis
459 5341 579 5393 excusat
601 5337 745 5412 Rigaltius
769 5337 920 5396 liberiores
942 5339 1006 5413 opi·

184 5418 288 5460 aiones
298 5423 371 5490 quaa
384 5424 414 5462 ru
430 5409 668 5492 annotationibus
679 5411 742 5467 suis
755 5410 912 5482 aliquoties
926 5411 1006 5468 inse·

183 5473 242 5530 rult
256 5492 323 5533 oum
336 5495 368 5561 ,¹¹¹
384 5479 573 5553 Cyprrauum,
586 5486 649 5566 tum
665 5482 695 5538 in
708 5481 945 5568 Tertullianumj
962 5501 1007 5541 ve·

183 5555 1006 5709 itt.ttt¹⁰.ttttff⁰tttttt⁰tttitttitfttttn

183 5695 482 5780 satrsiestaturaaex
497 5712 551 5778 sua
565 5697 757 5771 potiusquam
767 5700 894 5754 auctoris
909 5703 1007 5755 manta

182 5759 266 5834 loqur
280 5771 309 5824 et
322 5785 352 5826 rn
367 5768 477 5840 quibus
493 5772 580 5825 stram
594 5769 710 5828 aberrat
725 5786 742 5826 a
763 5785 805 5842 rs,
820 5774 853 5826 ut
880 5775 1006 5828 annota-

1063 4753 1157 4810 derdo.
1175 4752 1252 4826 (Vid.
1268 4753 1320 4810 Ed.
1337 4753 1437 4826 prim.)

1400 4844 1453 4902 M
1483 4844 1546 4899 dil.

1098 4931 1148 4989 llo.
1160 4937 1333 4989 Rroanmaus
1348 4933 1383 4988 ll.
1399 4963 1434 4974 -
1462 4933 1589 5002 lutetiae,
1613 4939 1713 5006 sumpt.
1728 4929 1822 4988 idolii.
1846 4929 1888 4986 Dn

1061 5023 1208 5094 Puis,eto.
1229 5023 1249 5078 i.
1275 5020 1516 5078 obseruationibus
1542 5031 1569 5079 et
1592 5023 1672 5078 Notis
1698 5025 1780 5092 atque
1802 5021 1887 5076 edom

1063 5110 1199 5168 Glaesaria
1213 5112 1333 5177 auctior,
1351 5111 1437 5180 ouius
1452 5110 1619 5184 exemplum
1642 5127 1709 5168 oum
1738 5110 1886 5180 frequent.

1062 5199 1127 5258 coll.
1145 5200 1235 5257 Godd.
1248 5215 1321 5256 mss.
1338 5199 1426 5272 impr.
1442 5197 1621 5272 Agobnrdini
1636 5199 1664 5255 in
1691 5198 1761 5256 sibl.
1787 5195 1885 5253 baius.

1061 5343 1158 5400 rienes
1173 5343 1281 5400 scribet
1302 5340 1461 5413 aliquando
1490 5340 1632 5397 hodierno
1656 5335 1790 5396 Eooleaier
1818 5333 1885 5390 usui

1082 5433 1164 5472 arum
1180 5417 1402 5472 consentaneas.
1418 5415 1483 5468 llaeo
1495 5411 1640 5485 Dupiniue
1654 5416 1683 5467 et
1699 5407 1785 5482 paulo
1820 5409 1885 5462 ost:

1061 5433 1106 5542 flii
1122 5487 1270 5560 (Rigaltio)
1284 5484 1476 5566 exprobratur
1501 5485 1578 5556 quod
1594 5481 1771 5557 conjecturis
1799 5423 1887 5534 Fuerit

1060 5560 1199 5616 audacior
1227 5573 1280 5613 nee
1297 5557 1585 5614 satisacouratusad
1613 5559 1767 5613 ductorem
1796 5565 1883 5606 suum

1060 5631 1190 5704 antiquis
1205 5627 1415 5699 manuscriptis
1431 5629 1701 5714 rocognosoendum
1716 5628 1745 5682 et
1765 5623 1882 5680 tandem

1060 5717 1141 5774 suas,
1156 5705 1208 5759 ant
1221 5701 1348 5758 eliorum
1358 5703 1504 5756 contextui
1520 5701 1702 5774 codieoturss
1716 5693 1798 5754 nulla
1820 5707 1883 5748 ma·

1059 5774 1278 5848 uuseriptnrum
1290 5770 1376 5830 nixus
1390 5772 1574 5831 auctoritate.
1588 5775 1660 5834 Bon.
