4152 6192
203 317 281 378 1th
539 319 543 328 '
732 323 879 390 eleuat
904 322 952 383 lili
975 323 1103 386 CULTU
1126 322 1373 386 cantantium.
1827 321 1909 382 idid

199 452 258 517 tur,
275 451 307 505 ut
323 448 454 517 floreant,
473 455 499 506 et
514 451 596 507 anxie
613 452 757 520 serantur,
770 461 803 512 ot
826 455 981 528 pendeant,
997 460 1027 512 et
1041 461 1065 525 Α
1082 471 1159 519 rom,
1175 471 1273 511 coram
1288 452 1431 510 matronis
1446 454 1666 510 erubescentem
1696 450 1730 523 ⁸¹,
1746 449 1803 508 nisi
1827 451 1906 524 quod

201 553 272 594 aure
286 539 466 596 lenocinium
483 546 621 597 mutuum
638 553 788 615 praestant.
806 545 862 602 Sed
876 547 899 580 ³⁰
915 547 940 600 ei
957 543 1028 616 quid
1084 559 1136 600 nec
1160 545 1196 598 ad
1223 543 1422 599 ostensionem
1448 543 1471 577 ⁸⁸
1495 544 1554 600 l'cre
1579 541 1734 597 hahentur.
1760 539 1863 596 Latent
1877 541 1908 596 in

200 626 236 682 de
261 627 335 684 meri
361 628 528 688 Britannice
553 635 604 687 aut
627 631 727 689 indice
749 634 871 690 ambitio
888 633 1028 706 piscatur,
1084 631 1201 687 circulis
1216 633 1238 666 ³³
1251 631 1307 704 (30)
1322 629 1484 704 smaragdi,
1499 635 1528 687 et
1546 629 1694 704 cylindros
1719 629 1830 701 vagina
1846 645 1907 686 sua

199 714 317 772 conchae
331 733 424 788 genus
440 723 496 784 est,
513 736 571 776 non
586 718 652 776 dice
676 721 828 795 conchylio
849 727 901 778 aut
921 727 1028 789 ostreo,
1083 719 1165 776 solus
1182 719 1297 790 gladius
1312 720 1366 776 sub
1382 721 1451 776 sinu
1466 719 1590 787 noviant
1605 720 1634 774 in
1651 718 1811 790 peronibus
1823 717 1908 773 unio·

198 803 250 860 sed
270 821 322 862 nec
337 805 468 878 peloride
482 807 594 879 gratius
618 807 654 863 de
681 825 796 881 sapore.
820 811 863 866 ad
879 809 935 866 hoc
950 811 1029 866 euim
1083 825 1136 867 nes
1163 825 1310 880 emergere
1337 810 1373 866 ds
1398 807 1460 865 luto
1481 807 1613 881 eupiunt.
1641 805 1719 863 nihil
1735 807 1757 851 ⁸⁸
1780 806 1907 880 denique

199 893 327 949 conchas
342 894 474 952 noverim
490 895 581 952 maris
599 912 698 967 poma.
715 899 796 964 Quod
813 898 838 954 ai
853 898 965 955 concha
978 897 1029 956 illa
1082 901 1143 956 tam
1159 903 1339 972 gemmatum
1354 897 1476 964 hahent,
1488 913 1577 970 quam
1591 895 1614 933 ⁸⁹
1629 895 1706 968 qued
1722 899 1905 968 gemmatum

200 980 313 1054 aliquid
334 981 514 1039 intrinsecus
529 985 658 1056 postulat
671 985 705 1053 ¹¹,
720 986 826 1043 vitium
848 987 914 1057 ejus
934 987 1029 1059 magis
1083 1003 1148 1044 esse
1163 1002 1221 1042 non
1241 987 1337 1054 dehet,
1362 986 1386 1042 si
1403 1003 1462 1042 non
1487 989 1652 1059 comparet;
1669 991 1721 1041 aut
1745 984 1810 1042 ideo
1826 998 1906 1040 oom-

199 1069 289 1126 dehet
304 1085 380 1138 esse,
397 1087 485 1144 quam
499 1071 607 1144 gloria.
634 1074 669 1130 ut
694 1075 760 1132 licet
775 1076 967 1148 margaritum
982 1090 1030 1130 ve·
1083 1082 1176 1149 paret,
1192 1080 1225 1132 ut
1240 1075 1406 1148 neglectum
1422 1091 1539 1147 quoque
1551 1076 1734 1131 ostendatur.

200 1164 293 1225 cetur,
310 1175 368 1215 uon
384 1159 464 1216 allud
482 1163 582 1216 tamen
602 1160 837 1236 intelligendum,
855 1179 944 1236 quam
960 1179 1028 1220 con-

200 1248 260 1304 chae
283 1247 363 1304 iilius
386 1248 486 1321 aliqua
509 1250 583 1306 dura
607 1255 636 1306 et
654 1253 781 1309 rotunda
794 1268 925 1309 verruca.
942 1253 1029 1308 liunt
1389 1217 1504 1276 CAPUT
1523 1219 1599 1274 vm·

199 1339 229 1392 at
242 1335 277 1391 de
292 1336 440 1393 frontibus
455 1339 616 1394 draconum
634 1355 767 1412 gemmas
782 1342 856 1408 erui,
867 1341 944 1398 sicut
959 1346 987 1397 et
997 1342 1027 1396 in
1119 1343 1241 1400 Proinde
1254 1349 1282 1402 et
1297 1342 1423 1400 vestium
1439 1344 1474 1399 de
1489 1341 1637 1399 celeribus
1662 1341 1804 1396 honorem
1832 1341 1908 1397 servi

200 1425 328 1497 piscium
340 1428 467 1483 cerebris
483 1427 656 1500 lapidositas
671 1431 804 1503 quadam
821 1437 873 1488 est.
887 1435 944 1487 llcc
955 1447 1029 1504 que·
1082 1433 1171 1488 etiam
1185 1447 1287 1488 eorum
1302 1437 1409 1487 terunt.
1427 1431 1482 1486 Sed
1497 1435 1526 1485 et
1540 1431 1665 1502 parietes
1680 1428 1775 1501 'tyriis
1790 1432 1819 1484 et
1833 1427 1906 1500 hya·

199 1529 256 1585 que
276 1515 370 1572 deerit
397 1516 420 1551 ⁸¹
450 1517 681 1590 Christianae,ut
704 1519 740 1576 de
764 1525 899 1594 serpente
922 1521 1029 1577 cultior
1083 1518 1905 1592 cinthinisetillisreglisveliacuavesoperossreao·
2014 1574 2017 1586 ,

199 1603 260 1661 liat.
278 1603 325 1660 Sic
339 1602 465 1661 calcabit
479 1606 590 1664 diaboli
609 1613 697 1680 caput
710 1609 778 1682 (28),
792 1608 864 1666 dum
884 1610 1028 1681 decapite
1082 1608 1145 1666 luta
1159 1607 1386 1679 transfiguratis,
1403 1623 1455 1680 pre
1479 1606 1596 1678 pictura
1619 1607 1791 1661 abutuntur.
1812 1603 1907 1660 Vilior

198 1693 274 1763 ejus,
299 1694 463 1752 cervicibus
489 1697 552 1752 suis
576 1701 628 1753 aut
646 1697 702 1770 ipsi
718 1699 807 1772 capiti
821 1703 992 1756 ornamento
1004 1699 1028 1734 ³³
1082 1703 1126 1754 est
1141 1698 1219 1770 apud
1231 1696 1299 1753 illos
1315 1712 1456 1769 purpure,
1481 1711 1570 1767 quam
1593 1693 1720 1750 rubrica.
1738 1691 1809 1759 Quis
1824 1693 1905 1749 euim

198 1780 312 1838 attuit?
1081 1792 1127 1844 est
1151 1787 1278 1842 vestium
1303 1785 1396 1842 honor
1416 1786 1517 1856 jhstus
1546 1782 1582 1839 de
1606 1780 1750 1838 adulterio
1776 1779 1906 1838 colorum

513 1917 628 1976 CAPUT
650 1921 697 1980 VH
1041 1827 1259 1947 BinJustorum
1274 1873 1331 1946 (31)
1343 1873 1354 1929 l
1368 1872 1432 1930 Non
1446 1870 1542 1944 placet
1556 1870 1625 1940 Deo,
1654 1871 1731 1942 quod
1757 1885 1815 1926 non
1841 1870 1904 1941 ipse

701 1962 707 1976 '
1077 1963 1226 2038 produxit,
1242 1961 1340 2019 nisisi
1355 1977 1414 2018 non
1428 1959 1524 2034 potuit
1538 1975 1685 2032 purpuras
1701 1961 1730 2014 ct
1753 1957 1868 2015 aerinas
1880 1958 1904 1994 ⁴⁰

234 2047 299 2105 Hac
327 2049 428 2108 omnia
457 2051 493 2109 de
522 2052 644 2110 raritate
670 2057 699 2110 et
726 2055 934 2128 peregrinitate
961 2056 1024 2112 sela
1077 2047 1762 2124 avesnascijuhere(32).Sipotuit,ergojam
1787 2046 1898 2115 noluit;

197 2137 323 2211 gratiam
351 2140 514 2213 possident.
543 2142 681 2213 Denique,
697 2142 776 2199 intra
798 2143 940 2201 terminos
954 2160 1024 2200 sues
1078 2142 1155 2215 quod
1172 2139 1367 2209 Deusnoluit,
1386 2135 1738 2211 utiquenoulieetilngi.
1755 2135 1899 2208 Nouergo

197 2227 307 2300 patries
336 2244 393 2284 non
420 2231 494 2286 tanti
523 2230 678 2288 habentur.
698 2235 818 2305 Semper
844 2231 1026 2289 abundantia
1079 2229 1902 2303 naturaoptimasuntista,qusa1)eonousuntan-

198 2317 411 2374 eentumelioaa
427 2317 456 2373 in
483 2321 673 2392 semetipsam
689 2321 713 2355 ³⁶
726 2321 783 2393 (29)
798 2325 851 2378 eet.
865 2323 946 2393 Apud
963 2322 1027 2377 bar·
1079 2327 1157 2376 olere
1173 2326 1285 2376 natura
1297 2337 1304 2388 ;
1316 2321 1360 2375 sic
1375 2334 1392 2373 a
1407 2317 1522 2373 diaholo
1546 2332 1609 2372 ease
1632 2312 1849 2386 intelliguntur,
1864 2311 1900 2367 ah

199 2405 287 2460 hares
311 2406 468 2477 quosdam,
494 2408 566 2478 quia
585 2407 776 2465 vernaculum
798 2416 843 2466 sat
864 2427 970 2466 aurum
997 2416 1027 2466 et
1079 2407 1286 2481 interpolatore
1300 2410 1422 2463 naturae.
1438 2403 1566 2461 Alterius
1581 2404 1661 2460 enim
1676 2417 1741 2458 ease
1757 2417 1815 2457 nea
1832 2417 1901 2472 pes-

199 2493 363 2564 cepiosum,
389 2511 460 2550 auro
485 2496 597 2552 vinctos
620 2497 649 2553 ia
672 2497 829 2570 ergastulis
854 2499 973 2570 hahent,
998 2504 1027 2555 et
1080 2503 1161 2567 suot,
1178 2497 1203 2554 ai
1219 2498 1268 2553 Dei
1284 2513 1342 2552 non
1362 2499 1433 2552 sunt
1458 2511 1465 2550 ε
1487 2493 1557 2567 quia
1584 2489 1684 2549 amuli
1708 2489 1769 2547 sint
1783 2504 1902 2546 necessa

204 2579 312 2638 divitiis
327 2581 421 2641 males
439 2589 573 2657 onerant,
588 2589 670 2642 tauto
685 2585 899 2657 locupletiores,
916 2592 1026 2660 quante
1080 2595 1134 2658 eat,
1151 2603 1214 2659 que
1227 2585 1279 2641 Dei
1290 2601 1348 2641 non
1364 2590 1434 2641 sunt
1448 2601 1455 2651 ;
1471 2582 1547 2639 alius
1572 2586 1683 2650 autem,
1710 2582 1815 2653 praeter
1837 2579 1903 2636 dia·

203 2670 398 2728 nocentiores.
413 2671 578 2744 Aliquando
598 2690 696 2731 revera
719 2674 871 2732 inventum
886 2682 941 2744 est,
957 2693 1026 2749 quo·
1080 2676 1181 2734 hoium
1196 2679 1226 2732 et
1240 2675 1361 2747 angelos
1376 2675 1452 2744 ejus,
1467 2671 1592 2728 emulus
1607 2669 1658 2726 Dei
1672 2685 1732 2726 non
1746 2673 1800 2725 eet.
1810 2668 1902 2723 Cato·
1961 2694 1964 2710 ι

203 2760 290 2816 mede
304 2764 334 2816 et
348 2777 453 2817 aurum
468 2777 526 2818 uon
548 2775 671 2820 ametur.
696 2764 885 2822 Gemmarum
910 2781 1027 2838 queque
1081 2781 1158 2836 rum,
1173 2763 1199 2820 si
1215 2762 1343 2821 materis
1357 2779 1393 2818 ox
1408 2767 1465 2818 Dae
1479 2765 1620 2830 sunt,ncu
1637 2756 1738 2816 statim
1753 2763 1783 2814 et
1797 2756 1901 2829 hujus·

201 2847 385 2905 nobilitatem
399 2849 527 2907 vidimus
541 2853 639 2910 Reme
655 2853 691 2910 ds
710 2853 828 2910 fastidio
851 2854 1027 2912 Parthorum
1081 2853 1160 2910 modi
1174 2853 1288 2910 tructus
1304 2850 1422 2908 illarum
1433 2850 1455 2886 ⁴¹
1472 2849 1545 2922 (33);
1560 2863 1629 2904 nam
1641 2853 1783 2904 etemnas
1797 2845 1900 2904 1⁸18

200 2939 230 2992 et
243 2937 395 2995 Medorum
417 2943 648 3012 ceterorumque
671 2943 825 3015 gentilium
840 2945 943 3002 1⁸12
959 2959 1026 3001 sue·
1080 2942 1142 3000 ista
1158 2943 1285 3015 prolana
1295 2938 1531 3013 spectaculorum
1556 2935 1743 2994 secularium
1767 2933 1901 3007 volupta-

920 3061 1023 3124 Variae
1043 3061 1201 3123 lectiones.

201 3159 258 3242 ¹⁸·
273 3161 525 3220 seruauerant.
564 3166 586 3218 .⁸¹
602 3165 733 3222 Postulat
749 3166 864 3223 Semter.
882 3167 965 3225 lllrea.
1003 3167 1145 3224 ”Deerat
1161 3171 1230 3226 lan.
1253 3165 1313 3233 llio.
1351 3163 1374 3199 ⁸⁸
1396 3163 1619 3230 Ornamentum,
1644 3159 1706 3217 otti.
1743 3159 1767 3196 ⁸⁸
1790 3158 1901 3214 Semet-

199 3234 358 3338 ppeal’nm.
398 3235 537 3293 ⁸⁸Pancte'
563 3239 590 3294 a·
626 3238 806 3310 odelincurt
832 3239 898 3295 lun.
936 3239 959 3276 ⁸⁰
988 3239 1220 3296 Ostentatienem
1248 3236 1316 3292 otii.
1353 3237 1375 3272 ⁸¹
1402 3235 1531 3306 (lingulis
1559 3233 1642 3290 Semi.
1672 3229 1797 3302 siugulis
1820 3230 1900 3285 Pom.

237 3303 316 3360 Nihil
331 3308 408 3361 erait.
424 3305 507 3363 Semi.
545 3253 675 3375 ”gnam
691 3311 906 3366 emitademter.
956 3311 1082 3368 ⁸⁰Sier'e
1105 3307 1476 3372 tierovoraausrimomtn',
1505 3305 1609 3362 aeriae.
1641 3304 1743 3374 Rigalt.
1772 3301 1900 3357 aerinas.

199 3375 327 3433 Rhenus.
342 3378 449 3446 kostel
462 3381 589 3451 carinas,
606 3379 721 3456 ιαρινὰς,
737 3385 779 3438 stc
802 3383 886 3438 Fron.
912 3384 1002 3439 Poris.
1028 3384 1080 3438 alii
1099 3384 1209 3437 urinas.
1226 3381 1376 3450 Utrumque
1395 3380 1460 3435 lan.
1485 3378 1517 3434 dc
1545 3377 1634 3434 uiridi
1653 3375 1742 3432 colore
1765 3375 1902 3444 interpre-

197 3447 282 3528 tetur.
335 3448 356 3492 ⁴¹
371 3451 595 3507 collateraliter
609 3453 696 3510 uoluit
710 3471 721 3509 :
735 3458 877 3510 Ceterum
893 3455 917 3512 ai
934 3455 1062 3512 materia
1077 3470 1111 3510 ex
1124 3454 1184 3510 Dec
1198 3457 1279 3522 sunt,
1296 3467 1353 3508 non
1371 3450 1470 3508 statim
1486 3457 1514 3508 et
1524 3445 1697 3522 hujusmodi
1707 3444 1821 3502 tructus
1832 3443 1902 3500 latet

200 3533 230 3574 m
248 3518 402 3588 omnihus,
415 3523 577 3595 queritur;
593 3528 622 3581 et
636 3525 724 3582 unde.

917 3625 1177 3688 Commentarius.

199 3727 263 3808 tum
288 3725 325 3782 ad
349 3726 459 3783 lateam
478 3729 647 3800 superbiam
662 3731 824 3788 transtulit.
839 3732 884 3788 Sic
899 3731 1021 3804 gloriam
1038 3735 1059 3801 G
1079 3732 1152 3798 suis,
1168 3732 1294 3788 vestium
1318 3730 1459 3788 honorem
1484 3727 1612 3800 probem
1632 3724 1672 3782 ait
1693 3739 1751 3781 non
1771 3723 1898 3795 justum.

200 3797 278 3853 dicet
290 3813 396 3854 ranam
410 3804 440 3855 et
454 3803 645 3872 stuperatem.
656 3803 702 3858 Sic
717 3802 768 3859 lib.
778 3821 787 3858 r
797 3803 906 3860 advers.
921 3809 1021 3860 utura:
1080 3805 1176 3860 Vestia
1191 3809 1289 3860 autam
1314 3803 1408 3859 aliene
1436 3805 1467 3857 et
1493 3798 1649 3856 ambitiose
1676 3796 1773 3853 colore
1798 3795 1899 3850 locata

203 3891 213 3921 ι
223 3869 385 3951 βαρειείιιο
400 3874 550 3956 stuporem
562 3889 648 3930 suum
660 3873 1022 3932 sditlcantMaroionilae.»
1079 3875 1219 3931 honorem
1249 3891 1300 3930 seu
1328 3871 1514 3947 splendorem
1542 3869 1720 3943 fulgeremus
1742 3867 1899 3936 injustum,

200 3939 325 4022 srelrh.
342 3942 519 4000 edltotaones
545 3947 735 4018 11:5tuporee
758 3949 867 4004 Atticos.
894 3947 944 4003 Sic
969 3947 1022 4020 Cy·
1079 3948 1114 4002 ad
1144 3945 1328 4004 honestatem
1354 3943 1589 4013 modestiamque
1617 3939 1815 3997 Christianam
1841 3951 1899 3990 non

200 4027 331 4084 prienes,
347 4013 431 4085 epist.
449 4015 506 4070 42:
525 4037 539 4066 o
555 4017 665 4088 Siquis
690 4017 775 4074 aliter
799 4019 894 4084 decet,
916 4023 944 4073 et
964 4036 1021 4074 non
1079 4019 1237 4090 pertinere.
1257 4018 1321 4073 ltro.
1768 4079 1774 4092 ,

199 4085 360 4155 acquiescit
374 4087 455 4142 sauia
471 4086 567 4142 verhia
583 4087 699 4145 Domini
715 4089 807 4146 nostri
822 4090 891 4145 lesu
914 4090 1022 4147 Christi
1114 4091 1168 4161 (32)
1185 4090 1245 4145 Nisi
1257 4092 1283 4145 si
1302 4103 1356 4144 nen
1381 4087 1469 4157 potuit
1490 4096 1645 4156 purpureus
1668 4086 1694 4137 et
1714 4095 1825 4136 aerinas
1839 4091 1900 4159 oues

199 4157 377 4212 ctdoctrina
391 4158 467 4228 ejus,
483 4166 603 4230 stupore
618 4161 715 4218 elatus
730 4168 782 4218 est.
802 4186 812 4214 a
832 4162 923 4218 Rnan.
1077 4163 1157 4217 nosci
1170 4161 1272 4231 iudae.
1304 4161 1345 4214 lta
1365 4157 1485 4214 omuino
1514 4154 1619 4227 legitur
1645 4152 1674 4208 in
1697 4149 1899 4230 vetustissimo

234 4225 291 4320 (28)
305 4229 351 4284 Sic
364 4229 481 4310 calcabat
496 4232 604 4288 diodoli
626 4239 717 4306 ceput.
742 4234 815 4289 Hine
831 4234 1020 4289 manifestum
1078 4234 1186 4302 codice,
1202 4249 1260 4288 nou
1277 4240 1308 4285 ut
1322 4229 1465 4286 hactenus
1479 4229 1592 4284 editum
1615 4225 1679 4295 luit,
1695 4225 1799 4282 serica
1816 4225 1898 4301 hcm·

199 4305 245 4354 est
267 4297 479 4357 'tertullianum
505 4304 548 4358 sie
570 4303 676 4377 legisse
698 4306 801 4363 Genea.
827 4322 876 4374 1rr;
901 4307 933 4360 lit
955 4309 1020 4378 ipso
1078 4321 1132 4361 nas
1157 4306 1227 4360 dicit
1249 4319 1317 4360 oves
1341 4301 1437 4358 colore
1462 4299 1572 4369 aeriae,
1595 4311 1683 4370 quem
1708 4300 1741 4352 ut
1764 4295 1899 4375 femineis

200 4375 320 4425 conaret
335 4379 418 4440 ceput
432 4379 521 4430 tuam.
536 4374 599 4431 lim.
1078 4375 1208 4432 vestibus
1251 4374 1432 4432 ratissimum
1457 4372 1559 4427 laudat
1583 4368 1715 4438 Ovidius,
1741 4364 1802 4435 ubi,
1823 4363 1900 4419 lacta

237 4438 294 4520 (29)
319 4439 520 4501 contumelioso
541 4446 572 4501 in
601 4448 785 4518 semetipsam.
819 4448 914 4521 Supra
938 4447 1022 4517 dixit,
1079 4392 1318 4518 urentionossryrii
1334 4444 1465 4512 muricis,
1482 4442 1582 4499 statim
1595 4439 1718 4512 adjicit:

202 4511 359 4567 [lominum
372 4519 505 4570 nestrum
519 4518 764 4575 contumeliosum
779 4519 835 4574 sihi
851 4519 1021 4576 tuisseltre.
1328 4561 1333 4572 ·
1463 4559 1468 4570 ·
1501 4559 1507 4601 1
1539 4555 1548 4601 ι
1637 4551 1702 4599 pm

237 4581 293 4653 (30)
308 4584 407 4641 Latent
420 4588 451 4670 dn
466 4587 578 4670 circatis
591 4590 744 4661 rnrorogdi.
761 4592 814 4673 siue·
823 4593 909 4648 habet
924 4607 1022 4648 exem·
1143 4559 1661 4679 cuguiss‘fffifflffifflofflsrffig
1671 4583 1746 4660 auos?

203 4652 267 4725 piar
281 4657 437 4740 agobardi.
454 4657 644 4730 Circulra,hoe
657 4660 884 4732 est,menrlrhus.
901 4665 966 4735 lpse
976 4680 1024 4720 su·
1143 4690 1217 4735 neria
1230 4699 1287 4734 eoas
1299 4687 1378 4744 actor,
1392 4693 1449 4731 runc
1461 4697 1516 4730 cum
1530 4683 1582 4728 aine
1595 4679 1697 4726 nubibus
1708 4690 1757 4724 aar·

204 4740 269 4798 pra,
285 4726 410 4812 Circulos
423 4745 459 4786 cx
472 4747 541 4786 earo
555 4732 653 4802 guttas
668 4731 781 4789 tracen
796 4734 1021 4792 enucleatim.
1182 4752 1234 4798 Noc
1245 4749 1340 4809 tepidos
1354 4747 1448 4808 pluvias
1457 4747 1560 4792 concina
1573 4745 1665 4790 husam
1676 4751 1760 4799 aquas

249 4797 294 4869 31)
310 4799 376 4868 oure
398 4806 440 4858 ert
462 4803 578 4859 vatiam
601 4804 688 4860 honor
701 4807 800 4876 justas
823 4807 856 4863 de
882 4806 1023 4863 adulterio
1864 4863 1869 4875 .

203 4882 327 4926 ecorum
351 4873 526 4945 injustorum.
556 4879 682 4932 accusat
718 4875 819 4931 laxum
856 4877 1022 4934 mulierum.
1112 4878 1169 4949 (33)
1185 4876 1320 4935 catorum
1333 4879 1359 4932 ει·
1372 4874 1499 4932 materiae
1513 4887 1549 4928 ex
1562 4870 1616 4926 lieo
1628 4876 1706 4940 runt,
1719 4881 1776 4924 nen
1801 4866 1898 4921 etatem

202 4955 267 5012 qua
282 4939 311 5027 ip
328 4946 503 5004 vestimenta
517 4946 628 5003 colores
652 4946 824 5004 inducerent
838 4966 895 5006 nen
912 4949 1024 5006 nativos
1076 4954 1102 5006 et
1116 4949 1276 5022 hujusmodi
1288 4953 1395 5022 fructas
1410 4947 1534 5004 illoram.
1550 4942 1710 5014 Postquam
1733 4938 1788 4996 suh
1804 4937 1898 5020 elogio

202 5010 1024 5096 velleriautlaua,videlicetpurpureoshyaeinthiues,
1078 5023 1168 5078 atroci
1198 5022 1391 5095 gravissimus
1418 5032 1522 5074 censer
1549 5017 1645 5071 vestes
1679 5009 1897 5091 hyacinthinas,

202 5098 371 5166 coccineum
387 5095 417 5145 et
430 5091 484 5147 hos
499 5106 562 5148 esse
577 5089 619 5148 ait
632 5090 745 5149 celeres
761 5093 887 5162 iniustos
901 5099 930 5152 et
944 5092 1026 5151 adul·
1040 5111 1062 5176 D
1079 5108 1241 5164 purpureas
1257 5097 1287 5149 et
1300 5091 1426 5156 aerinas,
1443 5093 1472 5145 et
1483 5091 1587 5144 catera
1602 5085 1631 5142 id
1658 5100 1751 5167 genu-s
1775 5082 1899 5165 luxoriae

203 5159 287 5238 teris.
316 5181 326 5208 ι
354 5163 417 5216 Non
443 5161 538 5233 placet
561 5163 631 5229 Deo,
655 5164 763 5236 inquit,
789 5167 867 5237 quod
883 5183 941 5224 non
958 5181 1023 5238 pro·
1078 5167 1276 5222 instrumenta
1291 5162 1473 5236 proscripsit,
1497 5157 1791 5238 occurritobJectrpnr
1815 5155 1900 5207 dietr-

205 5233 296 5282 duxrt.
314 5251 329 5278 n
344 5230 454 5288 Deinde
477 5233 687 5291 subrideret«
706 5237 767 5292 Nisi
793 5235 817 5293 si
849 5255 904 5294 neu
930 5237 1025 5310 potuit
1078 5238 1216 5306 tantiam,
1231 5254 1266 5293 ea
1284 5235 1383 5293 emnia
1401 5249 1465 5306 quea
1493 5235 1645 5302 tantopere
1668 5229 1898 5301 exagitarentur,

206 5314 376 5384 purpureas·
391 5307 420 5359 et
443 5301 558 5386 aerinas
580 5323 647 5362 eves
669 5308 750 5365 nasci
776 5309 885 5379 lubere.
912 5331 927 5360 a
950 5313 1023 5364 Tum
1078 5325 1234 5367 nooeecus
1248 5325 1282 5365 ac
1297 5313 1399 5365 cetera
1427 5322 1444 5362 a
1472 5303 1529 5360 Deo
1553 5318 1619 5359 esse
1646 5308 1757 5366 crestal
1787 5295 1899 5350 ⁰⁰¹⁰s⁶⁸

204 5385 281 5425 serio
296 5378 392 5456 pergit
407 5391 414 5430 z
431 5396 445 5425 o
471 5374 619 5457 seposuit.
643 5393 712 5451 erge
732 5380 795 5451 jam
821 5381 925 5438 uoluit.
941 5381 1023 5448 Quod
1078 5380 1145 5437 illes
1161 5380 1311 5437 mirabiles
1326 5377 1457 5436 conficis
1474 5375 1570 5432 succis
1594 5375 1755 5450 herbarum·
1776 5371 1804 5421 et
1827 5380 1897 5420 con-

204 5440 283 5498 Deus
298 5443 403 5511 noluit,
418 5461 477 5502 non
492 5445 560 5502 licet
575 5446 613 5501 tln
637 5446 656 5501 i.
673 5469 688 5498 a
704 5451 912 5522 Argumentum
935 5453 1024 5509 etiam
1078 5453 1201 5510 charum
1217 5452 1318 5508 salivis
1329 5470 1336 5521 ;
1349 5451 1559 5507 herbasnutsm
1571 5451 1600 5502 et
1611 5445 1737 5500 conchas
1749 5443 1826 5519 inter
1841 5452 1899 5492 ree.

206 5511 242 5567 ad
258 5515 393 5586 graviora
403 5516 531 5573 notabile
558 5533 591 5573 ac
616 5462 824 5580 artissimum.
848 5529 948 5596 ltaque
963 5524 1024 5580 eel-
1113 5524 1151 5596 (a)
1166 5525 1224 5581 Deo
1239 5525 1426 5596 creatasjure
1440 5520 1564 5584 censeri,
1579 5521 1608 5572 et
1620 5519 1731 5571 creatas
1747 5510 1901 5565 hominum

205 5583 272 5655 tigit
284 5584 414 5672 iujustas
424 5605 489 5646 ease
504 5586 626 5654 colores,
642 5605 717 5662 quos
738 5592 847 5651 habant
870 5596 943 5654 lana
966 5612 1024 5653 noa
1078 5611 1177 5652 eausa.
1191 5599 1289 5670 ltaque
1309 5594 1498 5652 distinctione
1521 5586 1733 5645 cavillationem
1758 5580 1855 5664 diluit,
1870 5583 1900 5636 et

207 5669 288 5720 suos,
304 5673 337 5713 aa
352 5661 475 5730 proinde
489 5658 646 5716 adulteros.
667 5659 732 5717 Mox
756 5672 960 5732 argumentum
976 5685 1025 5724 ex·
1079 5667 1216 5724 materias
1231 5669 1350 5741 quidem
1365 5684 1400 5723 ox
1422 5669 1478 5720 Dec
1500 5677 1563 5718 osse
1582 5659 1698 5725 latetur,
1715 5657 1832 5725 herhas,
1848 5669 1895 5708 rn-

206 5725 307 5800 plicat,
322 5734 351 5787 et
362 5729 447 5790 lanas
460 5731 642 5806 huiusmodi,
658 5729 951 5798 imhutas‘colorihus
966 5755 1025 5800 noa
1079 5755 1180 5811 quam,
1196 5745 1225 5800 et
1239 5739 1376 5812 conchas,
1391 5743 1420 5794 et
1440 5748 1555 5800 suecos,
1580 5735 1609 5787 et
1633 5728 1698 5788 illas
1721 5726 1898 5788 concharum
