4152 6192
250 357 328 418 ιιιι
521 311 786 412 ιιιιιιιιιιιιιι
807 343 970 408 ornnuu
992 343 1092 407 snas
1113 344 1139 406 1.
1154 341 1345 408 -snurns
1366 347 1407 420 ιι,
1429 345 1672 410 sonuerim.
1879 351 1958 410 ιιιιι

249 489 322 547 bum
336 487 466 543 vestrum
478 497 576 539 coram
592 480 631 553 (t)
654 477 824 536 hominibus
838 481 978 551 appareat
993 476 1070 549 (Pas
1086 489 1113 553 Α
1128 481 1271 548 occupata
1283 475 1380 534 lucum
1401 477 1514 551 spathae
1539 494 1597 535 non
1612 478 1670 536 det.
1696 482 1801 548 Quare,
1817 480 1955 538 benedic·

252 577 320 650 lipp.
335 591 374 644 nn,
388 574 426 646 5).
443 571 482 628 lid
499 570 582 642 qnid,
605 567 662 624 nisi
685 571 716 624 ut
732 565 842 622 malitia
858 566 894 622 ad
910 581 960 622 voe
976 581 1071 621 acuas·
1127 569 1173 635 tu,
1205 565 1382 623 meditemur
1408 567 1537 636 duriora,
1560 571 1589 624 et
1613 585 1670 624 non
1696 570 1880 639 sentiemus;
1907 587 1953 626 re.

249 683 317 725 aum
332 663 453 722 omnino
476 676 534 717 uon
556 657 672 724 babeat,
689 661 717 712 et
732 661 765 711 ut
779 655 865 712 inuiis
888 659 918 710 st
940 653 1073 726 exemplo
1126 652 1297 728 linquamus
1313 655 1435 724 latiora,
1451 661 1480 714 et
1495 673 1552 714 non
1567 655 1820 728 desiderabimns;
1839 663 1953 716 stemus

248 751 461 813 attestimonio
488 747 578 804 sitis?
602 744 742 817 Autquid
766 744 968 800 settinceont
990 757 1074 815 opero
1126 744 1265 816 expedita
1294 745 1330 801 ad
1358 761 1476 802 omnem
1504 745 1573 818 rim,
1602 745 1675 802 nihil
1702 747 1844 805 babentes
1874 749 1952 820 quod

246 845 359 903 vestro?
382 844 442 896 Aut
466 836 536 911 quid
564 851 616 891 nos
641 833 785 890 Dominus
806 833 845 906 (3)
867 831 966 888 lumen
989 835 1072 888 terra
1125 832 1291 906 relinquere
1314 834 1484 892 timeamus.
1514 833 1687 892 Retinacula
1710 835 1860 893 istasunt
1887 839 1950 909 spei

246 931 383 991 vocavit?
405 927 479 996 Quid
502 924 612 981 civitati
638 938 730 996 supra
754 927 883 978 montem
907 922 1072 978 constituta
1125 925 1242 979 nostre.
1258 921 1951 996 Projioiamuaornamentaterrena,sicoelsstia

247 1019 426 1094 comparavit
445 1014 549 1088 (lluttlt.
566 1031 594 1084 v,
612 1011 665 1084 ll),
691 1011 716 1068 si
732 1027 789 1066 nou
815 1009 980 1066 relucemus
996 1009 1073 1066 inter
1125 1015 1273 1083 optamus.
1298 1015 1337 1067 Ne
1363 1011 1523 1069 dilexeritis
1547 1028 1665 1083 aurum,
1690 1012 1720 1069 in
1743 1030 1800 1086 quo
1816 1015 1949 1087 prima⁸²

246 1106 454 1170 tenebrosos¹⁸
478 1109 507 1162 et
534 1107 684 1160 enatemus
713 1101 789 1156 inter
821 1100 972 1156 demersos
998 1098 1012 1154 i
1041 1099 1070 1156 Si
1124 1097 1231 1155 delicta
1266 1099 1367 1173 populi
1404 1099 1522 1158 israelis
1559 1101 1737 1158 denotantur
1778 1103 1826 1176 (ιι).
1865 1104 1949 1159 Erod.

245 1201 395 1258 lucernam
420 1199 502 1251 tuam
528 1193 582 1248 sub
609 1190 740 1246 modium
769 1189 959 1259 abstruseris,
984 1187 1070 1243 inte·
1124 1203 1214 1256 xxxii,
1241 1187 1259 1242 2
1293 1189 1401 1263 seqq).
1439 1188 1543 1247 Odisse
1570 1189 1697 1261 debetis,
1725 1192 1802 1262 quod
1832 1191 1950 1248 Judasus

246 1291 346 1346 nubrie
382 1283 521 1342 derelicta
558 1297 575 1336 a
611 1277 713 1335 multis
754 1276 915 1333 incurseris
953 1291 1071 1332 necesse
1125 1275 1251 1350 perdidit
1270 1278 1302 1347 ³⁸,
1328 1278 1408 1351 quod
1432 1277 1670 1350 derelinquentes
1694 1278 1787 1336 Deum
1810 1280 1950 1336 adorave-

245 1377 353 1452 escit).
377 1375 443 1430 llaeo
458 1375 537 1438 aunt,
564 1385 627 1441 quae
642 1383 695 1423 nos
720 1365 879 1422 luminaria
907 1365 1008 1422 mundi
1030 1365 1070 1421 ia·
1124 1369 1203 1422 runt.
1218 1364 1312 1422 Etiam
1338 1372 1408 1424 tunc
1432 1383 1538 1424 aurum
1562 1366 1640 1442 ignis
1655 1373 1701 1425 est
1724 1369 1762 1441 (8)
1787 1383 1861 1426 esea.
1886 1371 1948 1424 Cae-

245 1469 339 1534 olunt,
354 1466 431 1521 bona
454 1459 565 1517 scilicet
586 1463 697 1514 nostra.
724 1460 837 1510 Bonum
861 1459 971 1526 autem,
994 1454 1069 1508 dun·
1123 1457 1220 1510 terum
1235 1456 1259 1492 ⁸⁴
1278 1459 1411 1530 tempora
1431 1457 1666 1514 christianorum
1690 1473 1807 1530 semper
1820 1461 1848 1514 et
1870 1473 1951 1513 nunu

245 1561 326 1614 taxat
349 1567 449 1612 verum
474 1554 503 1605 et
527 1546 658 1620 plenum,
683 1545 786 1601 1888
804 1561 871 1610 „non
897 1548 1070 1600 amattene·
1123 1542 1168 1600 vel
1196 1543 1321 1600 maxime
1349 1561 1407 1602 uun
1436 1561 1518 1613 auro,
1546 1546 1598 1602 sed
1632 1547 1706 1602 ierro
1731 1545 1948 1619 transiguntur.

246 1648 326 1715 bras,
350 1641 401 1701 sed
426 1639 535 1714 gaudet
560 1634 650 1692 videri
674 1637 703 1690 et
727 1633 792 1705 ipsa
814 1631 999 1689 denotatione
1023 1631 1069 1688 sui
1124 1631 1211 1689 stota
1240 1633 1445 1708 martyriorum
1478 1640 1691 1708 preparantur,
1720 1633 1834 1708 angelis
1864 1635 1947 1708 baju-

129 1733 137 1744 '
246 1731 473 1803 exsultat²⁶(5).
496 1723 646 1782 Pudicitia
671 1721 841 1778 Christianae
865 1722 937 1777 sutis
953 1726 1071 1778 nonest
1124 1719 1400 1779 lis³⁸sustinsntur
1415 1725 1462 1796 (9).
1479 1723 1594 1781 Prodite
1608 1739 1659 1781 vos
1670 1724 1733 1795 jum
1750 1724 1948 1781 medicamen-

246 1839 321 1894 esse,
337 1836 437 1879 verum
447 1822 477 1873 et
491 1813 591 1871 videri.
601 1813 695 1869 Tanta
705 1811 784 1867 enim
798 1810 884 1866 debet
899 1825 964 1866 essa
980 1807 1071 1882 pleni·
1124 1810 1162 1867 tis
1177 1811 1281 1866 ma
1296 1816 1324 1867 et
1339 1812 1521 1869 ornamentis
1536 1817 1690 1869 exstructa
1700 1814 1723 1849 ⁸⁸
1737 1812 1947 1886 prophetarum

245 1913 317 1971 tudo
332 1911 407 1983 ιι,)ιιι,
424 1911 457 1964 ut
471 1906 588 1962 emanet
601 1901 637 1958 ab
653 1899 752 1956 animo
767 1898 797 1955 in
812 1899 947 1956 habitum
963 1901 992 1954 st
1005 1915 1070 1955 eru·
1085 1859 1109 1924 Β
1124 1901 1153 1954 st
1167 1896 1379 1972 apostolorum,
1402 1903 1554 1956 eumentes
1575 1899 1611 1956 da
1626 1899 1816 1972 simplicitate
1839 1899 1947 1956 cando·

246 2007 304 2059 utet
317 2019 334 2058 a
348 1995 527 2057 conscientia
542 1993 571 2048 in
587 1989 785 2063 superlloicm,
798 1993 831 2044 ut
846 1993 874 2044 ct
890 1987 960 2064 loris
977 1987 1069 2060 inspi·
1125 2003 1199 2055 rem,
1215 1987 1250 2043 de
1269 1987 1410 2059 pudicitia
1435 1989 1584 2059 ruborem,
1607 1988 1729 2060 depluta
1754 1987 1852 2044 oculos
1867 2003 1948 2044 uere·

246 2093 303 2149 ciat
336 2088 421 2163 quusi
450 2080 663 2158 supellectilem
698 2095 795 2150 suam,
825 2093 888 2151 qum
920 2077 1071 2133 conveniat
1124 2074 1233 2133 cundia
1246 2079 1276 2132 at
1298 2093 1330 2133 os
1354 2077 1554 2133 taciturnitate
1568 2077 1600 2145 ⁸²,
1626 2076 1788 2134 inserentes
1813 2076 1843 2133 in
1863 2092 1951 2132 aures

245 2180 313 2237 ssdsi
328 2174 509 2235 continenda
525 2172 555 2226 in
571 2173 754 2242 perpetuum.
784 2165 976 2223 Discutiendae
990 2165 1070 2221 euim
1123 2179 1289 2222 sermonem
1319 2165 1380 2238 Dei,
1417 2170 1608 2222 annectentes
1645 2165 1806 2222 ceruicibus
1839 2165 1950 2237 jugum

245 2264 450 2333 auntdeliuia,
468 2274 593 2334 quarum
618 2255 742 2313 mollitia
757 2253 880 2322 etduxu
895 2254 962 2310 lldei
978 2255 1070 2310 virtus
1124 2253 1243 2310 Christi.
1268 2257 1360 2327 Caput
1389 2254 1491 2310 lm
1519 2253 1634 2311 maritis
1659 2254 1805 2326 subjicite,
1828 2256 1855 2310 et
1874 2253 1952 2310 satis

245 2355 408 2417 sliamiuari
435 2353 542 2426 potest.
583 2347 725 2402 Ceterum
764 2343 861 2401 nescio
900 2360 936 2400 an
963 2359 1070 2400 manus
1124 2347 1233 2399 ornate
1261 2341 1352 2400 eritis.
1391 2343 1495 2400 Manus
1533 2341 1610 2401 lanis
1639 2349 1780 2416 occupata
1801 2343 1836 2412 ⁸¹,
1859 2342 1952 2416 podes

245 2445 369 2521 spatalio
393 2436 570 2500 circumdari
597 2435 685 2492 solita
708 2433 744 2507 (6)
770 2433 800 2489 iu
824 2431 935 2489 duritia
961 2436 1070 2488 catena
1124 2431 1204 2488 domi
1219 2430 1310 2504 ligite,
1334 2431 1454 2504 utplus
1478 2448 1569 2505 quam
1592 2432 1623 2488 in
1648 2447 1719 2489 auro
1744 2431 1951 2504 placebunt⁸⁸.

245 2543 414 2602 stupescere
432 2527 587 2587 sustineat.
611 2523 715 2580 Nescio
739 2539 776 2578 an
802 2539 869 2578 orus
884 2522 919 2577 de
945 2521 1070 2594 perisce-
1123 2519 1235 2576 Vestite
1256 2535 1308 2576 vos
1331 2519 1425 2576 serico
1445 2519 1610 2592 probitatis,
1626 2520 1747 2593 byssino
1771 2519 1952 2587 aaootitatie,

244 2627 284 2683 lio
299 2626 322 2660 ⁸¹
339 2622 379 2696 (7)
393 2621 422 2675 in
439 2631 561 2674 nervum
577 2630 609 2670 se
620 2612 748 2685 patiatur
762 2607 878 2668 aretari.
894 2609 993 2666 Timeo
1008 2626 1069 2666 oar·
1123 2625 1253 2681 purpura
1268 2607 1428 2680 pudicitiae.
1452 2607 1562 2666 'l'aliter
1586 2607 1773 2682 pigmentata
1786 2609 1879 2666 Deum
1896 2609 1951 2666 ba·

245 2715 349 2782 vicem,
365 2725 402 2768 ne
416 2703 642 2780 margaritarum
658 2705 687 2759 et
711 2699 934 2772 smaragdorum
955 2698 1070 2772 laqueis
1124 2697 1231 2755 habitis
1245 2701 1417 2755 amatorem.

957 2824 1059 2886 Varias
1073 2823 1235 2887 lectiones.

282 2953 305 2990 ¹⁹
320 2946 486 3032 litorales.
502 2944 531 3000 in
548 2941 700 3008 tenebris;
726 2941 786 3010 ulii,
802 2937 890 3024 reluo.
906 2939 983 3023 inter
1005 2939 1150 3026 tenebras.
1196 2937 1297 3046 Ἧι).
1312 2937 1343 3024 in
1359 2937 1441 3011 ipsas
1456 2937 1659 3022 denotationes
1679 2937 1802 2995 exultat.
1849 2939 1951 3011 ⁸¹ltiq.

247 3041 313 3083 crus
329 3022 482 3095 periscelio
499 3017 711 3080 laetatumeto.
749 3012 972 3082 ”lispomnra
1009 3010 1229 3084 ”liappatres
1281 3009 1713 3082 ‘itanqaodrelmquenubur
1736 3011 1954 3066 [teumadora-

245 3102 310 3154 tum
326 3099 381 3151 cst.
398 3091 492 3148 titiam
510 3087 861 3158 (uliijamltuncaurum
877 3083 1023 3154 igniscat.
1037 3083 1190 3151 Ceterum,
1207 3086 1262 3136 etc.
1309 3081 1713 3208 3Πίῳ.ιιιι((ιὶίιιιι)ιι1ἰιιιιιι.
1751 3081 1953 3155 ”Propheta-

246 3185 311 3226 rum
327 3167 418 3223 omitt.
433 3161 517 3219 Semi.
557 3159 579 3193 ⁸⁷
594 3158 650 3214 Atti
664 3160 693 3212 et
706 3155 829 3227 spiritus
843 3154 1053 3210 taciturnitate.
1092 3153 1281 3226 ”occupata
1295 3152 1387 3210 Poris.
1425 3154 1448 3188 ⁸⁹
1484 3153 1693 3211 lucebitisulii.

964 3277 1228 3342 Commentarius.

280 3409 319 3483 (2)
347 3407 467 3464 Probum
501 3404 622 3460 uestrum
659 3413 761 3465 eorum,
790 3399 845 3453 etc.
875 3396 916 3451 Ad
945 3395 1068 3451 verbum
1085 3399 1106 3468 c
1125 3409 1215 3465 erres,
1231 3396 1398 3449 extraneam
1415 3393 1581 3452 incursans.
1596 3415 1611 3445 ιι
1631 3395 1665 3451 lit
1678 3393 1755 3450 libro
1778 3394 1814 3450 de
1828 3395 1926 3450 Pedia.
1937 3413 1950 3450 .·

245 3479 391 3556 exprssait
414 3475 492 3564 quud
517 3476 612 3532 Graece
636 3475 681 3526 est
706 3468 782 3542 apud
807 3465 991 3595 Apostolum,
1012 3483 1069 3538 quo
1125 3489 1141 3518 ιι
1156 3469 1214 3522 Neo
1229 3464 1308 3522 enim
1323 3463 1455 3531 interest,
1473 3469 1596 3540 nuptam
1613 3465 1740 3523 alienam
1763 3471 1813 3523 aut
1827 3466 1946 3522 viduam

245 3553 365 3612 nomine
388 3549 496 3620 ubique
519 3545 549 3602 S.
573 3541 697 3600 Paulum
727 3544 829 3612 aposto
844 3555 893 3594 um
919 3536 1068 3610 iutelligit,
1123 3536 1191 3611 quis
1205 3537 1344 3593 incurset.
1362 3557 1376 3586 ιι
1392 3535 1464 3592 Pan.

246 3623 385 3696 Philipp.¹
402 3638 434 3692 ιι,
457 3617 488 3673 τὸ
509 3613 624 3674 inessent<
646 3611 721 3683 ὑμῶν
745 3629 796 3685 pro
811 3626 869 3683 quo
893 3608 1067 3665 nostervul·
1159 3609 1197 3682 (5)
1212 3611 1248 3665 ln
1270 3608 1344 3679 ipsos
1367 3608 1564 3676 denotationes,
1591 3612 1646 3664 ate.
1677 3607 1795 3674 Fabius,
1820 3607 1944 3666 declam.

246 3700 332 3768 gatus
359 3695 503 3764 interpres
534 3683 782 3760 paraphrasticos,
809 3682 939 3738 modestia
968 3689 1066 3738 nestra.
1123 3679 1167 3750 19,
1186 3702 1199 3730 n
1214 3679 1352 3736 Omnium
1369 3679 1556 3736 denotatione
1570 3679 1737 3736 damnatae.
1756 3681 1829 3736 Ριιιι.

247 3769 321 3824 Pana.
1159 3751 1365 3824 (blismurus
1387 3751 1507 3819 epotatio
1529 3753 1699 3808 circumdari
1711 3753 1799 3809 solito.
1822 3751 1944 3825 Spstbe·
2037 3751 2038 3771 ¹

280 3839 318 3910 (3)
344 3836 397 3892 Aut
424 3832 490 3906 quid
519 3845 567 3886 nos
592 3826 731 3882 Dominus.
761 3826 831 3878 Cum
859 3822 935 3895 apud
964 3822 1066 3877 Muttb.
1121 3821 1194 3878 lium
1212 3821 1354 3878 muliebre
1377 3821 1653 3879 ornamentumuinb
1676 3826 1842 3893 roburneis
1865 3825 1943 3897 qood
2036 3877 2037 3886 ,

245 3910 342 3966 Gfae⁰⁰
356 3908 470 3980 legatus
483 3900 515 3956 τὸ
530 3901 587 3978 Ῥῶ(
602 3900 650 3953 ²⁰5
664 3895 780 3968 κόσμου,
807 3910 861 3950 11⁰⁸
885 3910 951 3950 uam
969 3898 1066 3950 autem
1122 3892 1252 3952 deliciari
1267 3894 1415 3978 significat
1439 3898 1531 3950 iluna.

243 3977 346 4053 κόσμος
376 3995 427 4051 pro
457 3981 534 4031 terra
562 3975 732 4041 usurpetur,
762 3967 849 4022 etiam
864 3912 923 4022 (liic
951 3967 1068 4022 videtur
1158 3966 1196 4048 (Ἰ)
1223 3967 1320 4048 Nescio
1348 3982 1385 4020 un
1411 3981 1474 4022 crue
1502 3963 1655 4048 periscelio,
1685 3964 1861 4022 Periflcelqgg
1887 3965 1948 4020 give
2035 3975 2036 3998 ι

245 4049 500 4119 m⁰¹1¹⁰fiili²l⁸¹¹⁸
516 4049 627 4113 filimi»
652 4039 778 4123 ⁰⁰,(l¹¹⁰,d
806 4037 1065 4122 Pflulpflnleprae·
1121 4035 1275 4165 gerrmelro
1298 4053 1386 4093 crura
1412 4036 1457 4093 vel
1486 4037 1565 4092 tabia
1593 4033 1947 4097 exornabantursssilu:

244 4123 344 4192 cessit,
367 4121 409 4177 sut
438 4123 528 4182 terrie,
556 4131 624 4171 uum
655 4112 764 4182 alioqui
794 4110 944 4167 debuisset
971 4109 1067 4166 diuers
1147 4111 1423 4164 recturusvocant.
1440 4108 1530 4163 Rnsn.

243 4197 337 4254 lumen
362 4190 473 4258 mundi,
502 4184 750 4259 quemadmodum
781 4181 935 4238 luminario
958 4180 1065 4237 mundi.
1157 4180 1196 4252 (8)
1211 4180 1302 4235 litium
1314 4188 1379 4236 tunc
1402 4177 1596 4248 cornminus
1618 4181 1667 4236 eet.
1684 4177 1770 4234 Libro
1793 4179 1948 4264 superiora

243 4271 319 4324 ΡΑΜ·
1121 4250 1196 4305 dixit
1209 4251 1245 4306 de
1260 4266 1342 4320 auro,
1369 4273 1383 4301 ιι
1400 4253 1510 4307 Nomen
1534 4255 1617 4305 terras
1642 4249 1671 4304 in
1697 4250 1763 4320 igne
1785 4249 1946 4322 reliquia·

276 4339 316 4410 (l)
332 4337 363 4393 ln
385 4331 506 4390 tenebris
528 4327 660 4384 derelicto
681 4341 700 4380 u
723 4324 818 4379 mattis
842 4323 993 4378 incurseris
1016 4337 1066 4378 ne·
1121 4322 1296 4394 ltaqusjam
1321 4323 1357 4378 ab
1372 4321 1440 4394 igno
1463 4321 1644 4394 habetquod
1667 4337 1771 4377 auram
1795 4326 1850 4378 est.
1868 4321 1950 4396 ignis

241 4426 316 4466 cesse
343 4410 392 4463 sat.
425 4402 515 4472 Vulgo
539 4399 657 4472 legitur,
681 4413 698 4451 u
725 4395 820 4451 multis
844 4395 1003 4450 incurseris.
1035 4393 1066 4448 ln
1122 4399 1219 4449 autom
1235 4395 1395 4462 mentione,
1411 4399 1551 4466 perpetuo
1573 4390 1679 4448 alludit
1693 4394 1728 4448 ad
1746 4391 1848 4467 ignem‘
1861 4411 1950 4467 pm.

242 4481 341 4538 codice
362 4474 518 4549 agobardi,
535 4470 690 4526 incluseris.
715 4465 917 4532 scribendum,
944 4467 1067 4521 incurse-
1121 4468 1185 4521 tum
1202 4465 1346 4538 supplicio
1362 4465 1561 4538 prolanurum.
1579 4463 1643 4521 (ιω,

242 4555 294 4621 ris,
316 4551 370 4606 huo
399 4563 488 4603 sensu
519 4561 525 4600 ε
555 4541 628 4597 Fieri
657 4557 715 4597 non
745 4543 851 4610 potest,
879 4537 950 4608 quin
980 4536 1066 4592 multi
1157 4535 1195 4605 (9)
1219 4537 1316 4609 inpeli
1343 4537 1432 4608 baioli
1458 4537 1642 4592 sustinentur.
1681 4533 1740 4590 lloo
1768 4537 1824 4603 est,
1852 4536 1950 4608 angeli

243 4623 392 4680 offendant
406 4618 458 4674 tibi
474 4617 503 4672 in
529 4613 657 4670 tenebris
680 4609 797 4667 relictus.
816 4607 961 4664 incursari
986 4625 1068 4664 uoco·
1121 4612 1303 4678 spectantur,
1326 4608 1376 4680 qui
1399 4623 1450 4663 eoa
1476 4608 1505 4663 in
1529 4605 1634 4664 cisium
1660 4605 1812 4662 sublevent
1833 4607 1951 4665 obvium

242 4695 346 4750 bulum
366 4691 414 4748 bie
436 4687 608 4760 ambiguum
635 4689 699 4752 eat3
723 4697 791 4736 nam
814 4686 840 4735 et
866 4680 1009 4735 incursari
1027 4679 1066 4735 le·
1121 4677 1247 4734 Christo.
1269 4678 1315 4735 sic
1342 4680 1405 4751 ipse
1426 4679 1624 4735 Tertullianus
1650 4676 1824 4749 precedenti
1847 4678 1951 4736 libro:

244 4766 324 4822 mina
352 4764 469 4832 dicitur,
500 4775 563 4831 qua
594 4771 667 4813 cauo
707 4752 927 4809 libidinantium
955 4751 1065 4823 impetu
1121 4771 1135 4800 ιι
1151 4748 1262 4806 Videbo
1289 4768 1324 4806 an
1351 4766 1417 4807 cum
1443 4766 1565 4808 cerussa
1587 4755 1614 4806 et
1638 4751 1825 4820 purpurisso,
1840 4755 1870 4805 et
1886 4767 1955 4808 cru·

242 4835 428 4909 opprimitur.
468 4831 515 4888 Sic
552 4829 615 4901 ipse
652 4825 771 4880 Tertull.
802 4823 855 4880 lib.
885 4839 894 4878 1
923 4823 958 4878 od
1001 4827 1064 4880 Not.
1125 4837 1157 4876 co
1182 4830 1209 4874 et
1232 4821 1282 4877 illo
1306 4822 1419 4878 ambitu
1444 4823 1549 4895 capitis
1572 4822 1733 4893 resurgatis
1758 4837 1765 4876 :
1790 4838 1827 4878 au
1850 4822 1956 4878 taliter

242 4929 257 4960 ιι
273 4907 392 4974 Quoties
414 4905 445 4960 in
469 4900 596 4959 tenebris
621 4899 801 4954 incursasset
822 4896 943 4951 incesta.
966 4917 979 4945 ιι
1007 4895 1066 4950 Et:
1124 4892 1254 4964 expictas
1269 4894 1363 4966 angeli
1380 4894 1412 4950 in
1425 4895 1528 4951 nubila
1544 4892 1821 4951 subleventobvigm
1834 4891 1956 4951 Christo

242 5001 258 5032 ιι
274 4979 348 5037 Nota
368 4975 532 5050 diligenter,
548 4977 579 5030 ut
606 4985 672 5028 oum
694 4968 820 5026 tenebra
844 4965 993 5035 irruerint,
1009 4982 1066 5022 non
1124 4964 1155 5020 iu
1170 4980 1246 5024 aare.
1262 4987 1276 5017 ι
1294 4965 1359 5023 Rm,
