4134 6184
218 272 314 366 'silv
492 301 757 364 rnnrmmnn
780 299 940 364 ornnun
964 300 1066 360 rins
1088 298 1113 360 1.
1133 332 1172 342 -
1193 299 1330 362 sosius
1351 299 1377 374 1,
1399 297 1680 362 srosoomicn.
1838 306 1904 367 rin

240 437 348 518 nostris
376 435 527 494 codicibus
556 439 585 493 et
610 410 791 492 editionibus
818 433 949 507 antiquis
977 431 1100 499 deestl,
1150 431 1251 496 Abhis
1266 431 1357 505 igitur
1371 431 1508 492 omnibus
1522 454 1536 483 ιι
1555 432 1697 504 quotidie,
1711 434 1907 509 pergit'lsrtul·
2008 409 2009 466 3

238 543 292 583 vox
306 531 430 594 tum,nec
446 525 487 581 ibi
503 525 629 582 multum
645 525 811 581 necessarie
825 524 1060 580 videtur.Scnsus
1117 521 1225 589 lienus,
1242 521 1424 593 obsidemur,
1454 521 1586 593 quotidie
1614 521 1769 594 prodimur,
1795 525 1822 581 io
1846 526 1908 599 ipsis
2008 599 2009 608 ἵ

238 619 336 684 eutem
351 614 637 682 Tertullianiisthaec
652 613 769 669 brevius
782 612 839 669 alic
849 613 878 668 in
891 613 965 669 libro
978 627 1061 668 enar·
1116 609 1278 683 plurimum
1295 611 1419 667 coetihus
1434 612 1535 668 ton
1553 615 1582 666 et
1597 613 1854 685 congregationibus
1866 633 1908 672 no·
2008 629 2009 652 l

238 705 341 772 rantis,
363 704 411 760 hic
426 707 471 760 est
488 721 495 761 ι
512 708 581 759 Post
603 701 718 759 lumina
740 703 895 760 acanthus
918 719 1018 762 eversa
1033 710 1063 762 et
1118 699 1187 756 stris
1203 699 1422 773 opprimimur·
1441 700 1533 772 (ibid.)
1548 718 1555 769 ;
1570 699 1704 758 vel.slcut
1717 702 1791 774 ipsos
1805 703 1910 776 gentiles

238 794 392 858 exstincte,
408 793 545 858 tenebre,
562 791 832 865 impurissimorum
844 791 983 849 lenonum
1001 811 1062 852 rnu-
1118 789 1186 844 alibi
1203 788 1406 861 compellendo
1422 789 1517 848 dixit:
1536 811 1550 840 «ι
1571 789 1657 846 Scitis
1671 793 1700 846 et
1725 791 1784 847 dies
1808 808 1909 848 conven-

239 899 294 941 nus
310 883 461 940 obeuntes.
478 882 714 938 inverecundiam
732 881 890 954 impierum
907 881 1063 941 libidinum
1117 883 1202 935 tuum
1220 883 1410 945 nostrorum,·
1426 877 1526 951 itaque
1539 883 1568 935 et
1591 879 1766 944 obsidemur,
1788 885 1815 936 ct
1832 882 1910 954 oppri-

239 974 400 1047 procursut
418 971 521 1044 (ldem,
550 970 684 1028 libiod
714 971 777 1026 Not.
808 985 872 1042 cop.
903 971 937 1026 15
964 975 1063 1046 etlii).
1118 983 1244 1039 memur,
1262 972 1291 1024 et
1305 969 1335 1024 in
1350 968 1424 1041 ipsis
1437 967 1552 1025 arnonis
1576 969 1839 1042 congregationibus
1852 970 1911 1026 dati·
2008 1007 2009 1016 ι

241 1062 391 1134 Praecipue
405 1064 503 1117 sutem
527 1058 797 1133 etcopitsliahaec
826 1060 953 1117 crimino
981 1067 1065 1119 erant
1118 1074 1250 1114 nemurs
1280 1057 1438 1131 (idomlih.
1463 1074 1472 1113 1
1498 1057 1533 1113 ad
1556 1061 1620 1116 lllot.
1645 1074 1709 1130 cop.
1729 1059 1757 1126 7,
1780 1059 1911 1132 psg.568).
2008 1063 2009 1100 l

188 1171 196 1188 .
242 1167 305 1224 quse
320 1149 439 1219 etbuioi,
458 1148 707 1223 quemadmodum
725 1147 804 1220 olibi,
821 1165 875 1206 neo
894 1149 996 1220 semel,
1012 1169 1063 1208 sn·
1118 1147 1220 1204 Letere
1234 1163 1303 1220 argo
1312 1147 1471 1220 gentilibus
1481 1163 1539 1205 uon
1554 1147 1745 1220 poteratquid
1760 1147 1789 1204 in
1801 1147 1912 1204 iisChri-
2008 1149 2009 1186 l

241 1240 408 1298 notovimus
423 1239 575 1312 (hister-tot.
591 1237 622 1294 iu
637 1239 737 1293 llinut.
754 1237 844 1294 Orico.
872 1255 935 1310 cap,
951 1240 979 1308 8,
1008 1245 1063 1298 art.
1118 1235 1204 1292 stiani
1219 1252 1304 1310 egere
1319 1240 1540 1294 consueverunt.

243 1331 287 1387 let
301 1329 408 1402 seqq),
423 1327 524 1384 tandiu
541 1331 680 1398 tantaque
695 1325 879 1399 impudentis
889 1327 1065 1385 Christianis
1154 1346 1190 1399 Αι
1204 1360 1266 1416 qm,
1280 1359 1415 1415 anquam,
1436 1343 1535 1416 arguit
1560 1345 1667 1410 Aaou),
1681 1346 1779 1400 mig,
1800 1342 1912 1415 (qq-quq,

241 1418 429 1490 objiciebant,
446 1420 557 1490 qusnts
569 1415 709 1472 iscilitate
729 1415 913 1488 abantiquis
931 1417 1064 1474 licclcsiae
1118 1433 1255 1504 gpopmg
1272 1433 1322 1488 10„
1347 1432 1421 1501 epp),
1444 1430 1543 1488 raum
1561 1421 1696 1502 „afflig
1720 1432 1787 1489 dum
1809 1449 1825 1487 g
1844 1432 1912 1488 thg

243 1505 378 1564 Pflifiblffi
394 1506 487 1561 dimit
501 1505 708 1576 c⁰¹¹s¹¹¹⁸tllll¹¹l³
723 1509 802 1561 ⁸⁰¹¹&
1119 1522 1224 1578 stisnis
1238 1522 1540 1593 occideretur-,insonti
1552 1525 1732 1594 superuenit?
1745 1521 1808 1592 Quis
1819 1531 1912 1580 cruenu
2008 1525 2009 1539 ¹

278 1610 920 1670 VariisveroTertulliannsnosierrationum
937 1626 1066 1667 momen·
1119 1610 1364 1677 christianorum,
1390 1611 1440 1685 qui
1464 1611 1657 1668 comedebant
1684 1611 1763 1670 illius
1786 1627 1876 1668 carues
1891 1617 1913 1667 ct

244 1703 283 1762 tis
298 1701 402 1760 ielssm
425 1701 500 1758 hanc
529 1699 763 1756 criminationem
789 1700 924 1757 funditus
952 1699 1064 1757 evertit.
1119 1700 1293 1772 sanguinem
1307 1699 1456 1766 bibebant,
1469 1704 1499 1756 ut
1513 1702 1668 1772 inuenerat,
1687 1705 1824 1774 tanquam
1843 1699 1916 1774 Cyclo

247 1793 377 1850 Primum
393 1791 472 1848 enim
487 1790 620 1847 ethnicos
642 1790 721 1861 ipsos
748 1789 827 1846 huuc
856 1788 1020 1861 alloquitur
1034 1791 1065 1848 in
1081 1807 1104 1872 Β
1118 1806 1185 1862 pum
1199 1788 1406 1845 ctSireuorum
1420 1805 1480 1857 oro,
1496 1789 1618 1846 minime
1646 1789 1765 1862 quidem
1793 1790 1914 1856 abstersa,

247 1883 369 1941 mudum
386 1899 392 1938 :
409 1881 533 1936 Dicimur
547 1894 663 1953 semper
677 1879 787 1936 svobis
810 1882 960 1935 tentorum
975 1878 1066 1938 scele·
1115 1879 1209 1952 iudici
1223 1877 1429 1951 conspiciende
1442 1879 1617 1936 roscruouit‘l
1642 1879 1707 1948 Quis
1734 1879 1776 1936 ool
1799 1881 1826 1936 iu
1839 1881 1915 1936 useri-

244 1989 311 2030 rum
327 1971 369 2028 rei
381 1990 388 2042 3
399 1987 449 2027 nec
464 1987 517 2028 vos.
534 1969 605 2043 quod
619 1968 718 2026 toudiu
741 1968 877 2036 dicimur,
898 1983 1004 2041 eruere,
1020 1969 1066 2025 in·
1121 1969 1278 2041 busoliquo
1292 1967 1435 2024 immundo
1461 1967 1609 2039 adulterii,
1637 1967 1669 2024 iu
1683 1967 1787 2025 iisdem
1813 1969 1914 2026 oodbus

244 2061 400 2134 vestigare,
424 2063 453 2116 et
479 2063 608 2131 retegere
637 2060 740 2115 curctis
768 2057 897 2130 (Tertull.
926 2060 1064 2132 Apotopet.
1120 2057 1207 2130 poulo
1221 2061 1289 2114 ente
1314 2057 1449 2124 admissi,
1473 2059 1591 2127 ecstipio
1613 2057 1792 2130 deprehendit
1814 2057 1914 2130 (ltidll

131 2189 133 2200 .
244 2167 308 2225 cap.
324 2151 352 2218 7,
368 2167 397 2224 p.
410 2150 484 2218 307).
503 2147 608 2204 Nullus
636 2151 734 2203 tamen
764 2146 953 2203 condemnari
982 2149 1064 2219 prius
1118 2147 1186 2212 Ques
1201 2146 1320 2219 quidem
1338 2145 1388 2203 illc
1402 2145 1468 2203 eliis
1492 2145 1588 2228 verbis
1613 2145 1672 2204 elic
1697 2147 1727 2203 in
1742 2147 1814 2204 libro
1828 2147 1865 2203 sic
1877 2163 1914 2201 ur·

243 2241 340 2310 debet,
356 2255 444 2311 quem
461 2237 578 2295 sceleris
594 2236 783 2293 convincatur
797 2255 805 2290 :
821 2237 892 2306 Ergo
903 2240 951 2292 cui
965 2238 1063 2307 eruite,
1119 2237 1204 2311 gebel
1221 2252 1228 2292 :
1245 2258 1260 2286 α
1274 2235 1345 2302 Quis
1359 2251 1489 2308 unquam
1504 2251 1619 2292 semeso
1634 2253 1726 2310 puero
1750 2233 1915 2309 supervenit?

241 2329 338 2403 inquit
352 2328 411 2398 ills,
426 2329 451 2384 si
477 2327 600 2392 creditis,
615 2331 644 2382 et
662 2325 843 2382 Christianos
871 2326 977 2382 horum
1005 2341 1066 2382 sce·
1119 2325 1190 2391 Quis
1200 2325 1229 2380 in
1245 2327 1396 2381 cruentato
1408 2341 1482 2397 pene
1497 2325 1619 2398 vestigia
1634 2325 1768 2381 dentium
1782 2323 1917 2397 deprehen·

239 2415 334 2474 lerum
351 2414 524 2487 convincite,
539 2422 587 2470 out
600 2414 687 2470 nolite
700 2415 823 2481 credere,
837 2415 903 2486 quio
919 2429 975 2469 non
989 2414 1064 2470 erui·
1120 2413 1272 2480 ditionis
1292 2413 1421 2469 tenebris
1436 2413 1589 2486 repentino
1604 2412 1717 2470 lumine
1737 2413 1858 2486 irruptis,
1871 2411 1915 2466 im-

240 2509 291 2564 stis
306 2505 410 2578 (idid).
426 2505 578 2560 Enimvero
597 2504 653 2559 hec
683 2503 816 2559 effectsts
844 2503 1066 2560 dissimulatione
1120 2503 1232 2559 munds
1251 2500 1359 2574 sliqus,
1384 2517 1421 2558 ne
1443 2501 1567 2558 dixerim
1591 2503 1715 2575 incesta,
1737 2501 1887 2576 recognovit
1907 2525 1914 2547 ·

242 2591 726 2667 etquenegligentiorraescrihitur
748 2589 852 2663 (idid),
881 2589 1064 2660 prejudicio·
1120 2590 1440 2664 (Idem.lib.1ndllot.
1461 2590 1516 2648 loc.
1536 2591 1673 2664 cit.)‘llu
1699 2591 1917 2665 Apolopctioosn·
2008 2587 2009 2590 ’

243 2700 300 2756 que
315 2681 481 2740 certissimo
497 2681 637 2753 probetur
651 2679 883 2735 Christianorum
899 2677 1065 2734 innocentis
1119 2684 1178 2736 tem
1192 2680 1226 2736 sd
1243 2679 1389 2752 duplicem
1404 2680 1560 2753 cyclopum
1575 2685 1605 2737 et
1619 2681 1796 2755 Syrensrum
1810 2678 1916 2736 isbulsm

243 2776 404 2828 etsomms
420 2785 534 2826 morum
553 2768 715 2842 integritas,
731 2767 864 2840 quoducc
881 2769 938 2839 ipsi
954 2767 1065 2824 audetis
1120 2768 1256 2843 respexit.
1272 2769 1458 2826 Poetscnim
1479 2774 1538 2826 hm
1564 2769 1669 2840 Greci,
1696 2768 1918 2843 quemadmodum
2008 2787 2009 2790 ¹

241 2876 338 2919 eruere
352 2859 445 2932 (ibid.)
461 2875 495 2915 ee
516 2859 653 2925 crimine,
669 2873 795 2930 quorum
811 2855 889 2927 illos,
905 2862 964 2912 tem
979 2855 1064 2923 ielso,
1120 2858 1263 2914 Homerus
1279 2859 1385 2931 (odyss.
1402 2876 1464 2926 vin,
1480 2863 1547 2932 post
1561 2860 1662 2931 medi,
1676 2876 1765 2932 quam
1780 2855 1920 2928 Letiobris·

243 2967 329 3024 quom
341 2957 452 3006 temere
467 2945 623 3015 accusetis,
639 2961 692 3002 nec
708 2962 797 3002 cause
820 2961 961 3018 unquam,
978 2949 1011 3000 ut
1023 2944 1065 3000 vi·
1120 2950 1154 3003 ut
1166 2946 1306 3019 Virgilius
1321 2946 1386 3019 (lib.
1406 2949 1557 3004 urAEncid.
1573 2965 1600 3020 v,
1614 2949 1669 3006 dli
1692 2953 1720 3006 et
1744 2951 1825 3021 seq),
1847 2947 1919 3002 fluxe·

241 3041 353 3107 dimus,
370 3037 482 3105 audita,
505 3034 720 3104 condemnatis,
736 3035 880 3108 torquetis
904 3039 933 3090 ct
955 3033 1065 3090 occidi·
1120 3039 1190 3092 runt
1204 3035 1342 3109 Cyclopes
1357 3035 1491 3093 homines
1508 3037 1598 3094 luisse
1609 3036 1791 3110 monoculus,
1806 3035 1850 3111 qui
1864 3049 1919 3090 suos

243 3129 292 3188 tis.
1120 3125 1261 3182 vorsbsnt
1275 3124 1417 3198 hospites.
1433 3126 1492 3183 Neo
1507 3126 1616 3195 miuus,
1645 3133 1717 3184 note
1730 3132 1774 3184 est
1788 3124 1876 3184 ishula
1886 3123 1920 3178 si-

276 3236 419 3290 Praeteree
433 3247 466 3289 eo
481 3232 576 3305 maior
590 3232 653 3287 erat
671 3229 732 3286 heo
747 3228 932 3286 ethnicorum
949 3244 1066 3301 perver-
1122 3229 1272 3284 mirum»
1296 3230 1360 3287 que
1383 3215 1565 3289 navigensem
1589 3219 1697 3273 ttulit!
1721 3217 1769 3274 oui
1790 3212 1920 3272 dulcedius

240 3319 528 3393 sitss,quoiacilius
548 3318 773 3394 promptiusque
796 3317 1066 3391 poterentinvestl-
1121 3303 1243 3376 ⁵⁰llit⁰⁵b
1260 3304 1289 3359 5¹¹
1306 3303 1576 3376 mliffldeji⁰i⁰b⁸¹1²
1605 3303 1693 3377 (Plin.
1722 3305 1773 3362 lib·
1800 3321 1818 3360 ¹
1841 3303 1919 3359 ΜΨ·

239 3427 309 3485 gare
323 3414 581 3483 atqueagnoscere
596 3425 633 3464 an
648 3424 715 3464 vers
729 3411 828 3464 essent
851 3406 902 3462 ills
925 3405 1066 3464 Christia-
1121 3393 1188 3448 ΗΜ·
1205 3408 1269 3466 ⁰³1³·
1286 3392 1330 3460 49,
1346 3408 1413 3466 1³³8·
1429 3392 1502 3466 ¹¹⁴⁴)-

242 3517 347 3557 norum
370 3498 491 3556 scelera.
517 3498 590 3554 Nam
612 3512 708 3553 census
739 3497 820 3552 istius
843 3495 1010 3567 discipline,
1027 3497 1068 3552 eit
1157 3498 1358 3556 'tertullianus
1374 3499 1473 3572 itaque
1488 3499 1530 3556 sic
1544 3503 1771 3574 argumentatur
1786 3515 1792 3555 :
1807 3495 1920 3554 Christis·

242 3587 451 3656 Tertullianus,
467 3586 523 3643 hoc
536 3589 579 3642 est
596 3585 685 3658 hujus
700 3583 898 3641 disseminate
912 3583 943 3641 in
956 3585 1067 3641 mundo
1123 3604 1227 3644 norum
1245 3592 1287 3645 tot
1300 3587 1400 3646 hostes
1414 3592 1508 3659 erent,
1520 3593 1592 3660 quot
1612 3589 1738 3655 ethnici,
1761 3587 1858 3655 iudei,
1879 3581 1920 3639 mi·

245 3676 416 3734 Christionsc
428 3674 589 3749 disciplinis
604 3674 738 3746 initium,
758 3691 775 3729 c
790 3673 895 3730 Tiberio
909 3684 947 3730 est
964 3673 1066 3746 (itinn
1122 3675 1189 3732 lites
1200 3681 1229 3732 et
1239 3677 1405 3745 domestici,
1421 3678 1559 3751 equibus
1588 3677 1726 3750 quotidie
1741 3677 1771 3734 in
1786 3676 1843 3734 suis
1856 3674 1924 3730 etism

246 3770 307 3836 sut,
324 3765 366 3822 uti
381 3765 553 3838 explicatius
568 3764 626 3822 elio
642 3765 670 3820 in
686 3763 762 3820 libro
779 3779 785 3818 :
802 3765 935 3834 Principe
948 3764 1068 3835 Aupuste
1123 3765 1281 3838 synaxibus
1297 3766 1510 3824 obsidebuntur
1521 3763 1923 3840 opprimebanturquc.8isrgo

245 3871 345 3914 nomeu
360 3854 420 3927 hoc,
436 3854 682 3922 Christianorum,
698 3857 791 3910 ortum
811 3862 876 3918 est,·
893 3853 997 3909 Tiberio
1011 3851 1067 3908 dis·
1123 3854 1152 3911 in
1168 3854 1227 3912 illis
1238 3859 1407 3929 tollamque
1418 3857 1566 3914 horrenda
1582 3857 1711 3914 crimina
1723 3856 1925 3930 perpetrassent,
2008 3913 2009 3930 χ

244 3945 350 4018 ciptino
363 3945 420 4016 ejus
446 3945 551 4000 illusit.
579 3949 616 3999 nt
638 3947 714 4000 certe
738 3943 878 4016 quonism
904 3941 1069 3998 Christiana
1123 3947 1197 4000 stet
1211 3944 1348 4001 hostibus
1363 3946 1427 4002 suis
1440 3946 1511 4003 sdeo
1527 3946 1652 4004 intensis
1673 3943 1849 4019 deprehendi
1860 3937 1923 3996 incil-

244 4033 347 4107 religio
363 4050 431 4090 vere
445 4036 500 4102 est,
515 4049 579 4090 cum
592 4033 654 4090 odio
667 4035 728 4090 ruis
748 4033 838 4106 coepit,
863 4030 944 4087 illius
971 4030 1068 4087 edhuo
1122 4032 1192 4089 lime
1207 4038 1353 4106 poterunt.
1369 4035 1455 4106 Atqui
1472 4051 1507 4091 ex
1529 4034 1647 4092 infinito
1663 4028 1924 4108 propemodumillc
2008 4021 2009 4026 ’

243 4121 362 4180 totidem
379 4127 450 4178 sunt
464 4123 561 4184 verbs.
584 4122 668 4178 simui
690 4130 773 4194 utque
795 4122 927 4193 apperuit
953 4121 1066 4175 inimico
1123 4138 1188 4178 rum
1212 4122 1366 4195 hucusque
1390 4139 1512 4182 numero
1536 4141 1573 4181 ne
1592 4140 1671 4182 unus
1688 4124 1807 4196 quidem
1822 4118 1924 4177 minima

242 4211 427 4269 csse.Nostris
439 4210 546 4267 veroin
563 4211 774 4284 manuscriptis
788 4209 938 4266 codicibus
953 4209 1069 4265 inimico
1123 4209 1241 4268 sceleris
1253 4210 1342 4269 ullius
1352 4213 1476 4286 vestigio
1491 4229 1621 4286 unquam
1634 4211 1765 4288 agnovit.
1776 4207 1924 4268 Folsisslmt

243 4303 293 4368 cst,
308 4300 364 4357 hoo
379 4305 434 4372 cst,
460 4317 493 4356 eo
518 4301 582 4373 ipso
605 4317 662 4372 quo
686 4300 772 4371 coepit
797 4304 940 4370 tempore,
957 4298 1067 4354 muodo
1122 4298 1212 4372 igitur
1228 4305 1311 4357 erunt
1325 4317 1360 4357 cs
1373 4301 1508 4372 crimine,
1526 4320 1590 4376 ques
1607 4303 1736 4378 improbi
1752 4296 1922 4360 calumniato·

244 4389 392 4462 apparuit,
424 4388 562 4445 omnihus
600 4388 722 4444 inimice
759 4392 788 4444 ct
816 4387 910 4444 invisa
938 4386 1004 4456 luit,
1034 4403 1067 4443 nc
1123 4385 1923 4466 resChristinnisobjectabant('lcrtull.lih.rodiiolion.
2008 4371 2009 4388 ¹

246 4482 284 4534 tot
299 4477 387 4536 hostes
401 4479 459 4550 rjus
475 4477 594 4534 luerunt
617 4485 681 4550 quot
703 4477 834 4533 extranei
853 4476 955 4548 (Idem.
980 4474 1032 4530 lib.
1058 4492 1066 4531 1
1123 4495 1185 4551 cop.
1201 4481 1230 4548 7,
1247 4496 1311 4550 pag.
1327 4479 1401 4550 569).

246 4566 282 4622 od
296 4567 357 4623 Not.
373 4582 438 4639 esp.
452 4568 481 4636 7,
496 4583 525 4638 p.
541 4566 615 4639 307),
631 4566 661 4621 id
677 4569 732 4634 est,
749 4581 851 4621 omnes
875 4564 994 4620 omnino
1013 4551 1107 4619 ho-ll
1157 4568 1258 4640 Neque
1273 4568 1302 4623 hi
1319 4569 1535 4642 quantumlibet
1548 4569 1801 4643 impudentissimi
1811 4561 1924 4624 hominu

247 4654 458 4726 minespraeter
472 4654 550 4710 solos
566 4654 709 4727 ipsosmet
726 4653 918 4710 Christianos.
934 4653 1019 4721 Nem,
1035 4657 1068 4708 ut
1121 4658 1298 4730 respondere
1322 4663 1458 4731 poterant
1484 4660 1587 4716 horum
1625 4659 1785 4716 criminum
1808 4657 1925 4713 testrst

246 4741 287 4798 eit
305 4741 402 4798 adhoc
426 4742 635 4812 Tertullianus,
661 4743 761 4800 hostes
785 4742 902 4799 illorum
930 4747 1023 4810 erent,
1039 4747 1067 4799 ct
1121 4746 1925 4820 Christisnispecuniesutmercedeiuisseunquamoor·

246 4829 466 4904 primoquidem
479 4835 595 4904 proprio
609 4849 645 4889 ec·
657 4835 835 4889 emulatione
847 4833 1001 4901 lucenses
1013 4849 1067 4890 sus
1121 4841 1234 4909 ruptos.
1251 4836 1324 4892 Nom
1340 4859 1355 4887 «ι
1371 4837 1437 4909 quis
1453 4837 1523 4894 tulin
1539 4838 1724 4911 iocinore,sit
1736 4831 1924 4894 Tertullieuus,

244 4919 948 4995 inillosinvidis‚qudquidemproptersbrogatos
959 4938 976 4977 s
987 4921 1066 4978 Chri·
1120 4941 1188 4982 eum
1205 4925 1375 4994 invenisset,
1391 4924 1505 4996 celavit,
1522 4933 1573 4983 sut
1587 4927 1721 4984 vendidit
1736 4926 1815 5000 ipsos
1825 4917 1924 4976 trahent

242 5017 286 5065 sto
297 5017 408 5065 veteres
417 5024 487 5064 suos
501 5010 576 5065 ritus
588 5010 928 5084 semperccnilsgrsrunt
940 5027 946 5064 ε
960 5010 1066 5066 deinde
1121 5013 1276 5070 homiues?
1292 5035 1306 5064 n
1321 5013 1422 5084 (idem,
1438 5017 1579 5089 Apolopet.
1602 5033 1666 5088 cap.
1683 5016 1712 5087 7,
1729 5032 1759 5088 p.
1774 5011 1835 5080 308)
1845 5009 1869 5064 id
1881 5007 1924 5068 etl.

241 5097 344 5154 milites
358 5113 395 5153 es
412 5099 588 5154 concussione
611 5100 713 5170 (idem,
736 5101 847 5172 Apotop.
873 5116 936 5171 cap.
952 5100 979 5168 7,
996 5115 1063 5172 pag.
1120 5103 1183 5159 fieri
1200 5119 1257 5159 non
1273 5104 1378 5173 potuit,
1395 5109 1427 5160 ut
1452 5105 1588 5161 ethnicus
1612 5104 1723 5178 aliquis
1747 5103 1807 5159 heo
1821 5097 1873 5156 sihi
1886 5107 1922 5148 σθ·
2008 5151 2009 5156 ,

241 5187 315 5260 308),
331 5187 386 5244 hoc
401 5193 456 5254 est,
472 5188 550 5244 sicut
565 5188 715 5246 nonnullis
737 5189 862 5260 videtur,
879 5187 1003 5244 subdola
1020 5188 1064 5244 iu·
1119 5191 1202 5265 gnitn
1216 5192 1446 5250 Christianorum
1464 5193 1589 5251 crimine
1603 5199 1653 5250 eut
1669 5197 1775 5266 sponte
1789 5207 1839 5247 sus
1862 5181 1923 5240 uolt·

240 5276 366 5334 rentium
383 5278 636 5344 accusatione,sed
653 5276 885 5347 melius,crudcli
901 5279 1062 5334 vexatione.
1120 5284 1201 5350 verit,
1217 5287 1267 5339 sut
1282 5284 1352 5340 dum
1369 5284 1551 5344 christianos
1567 5287 1602 5342 ed
1625 5285 1760 5358 jrnlicum
1786 5269 1923 5336 tribuusllt

243 5366 398 5423 denatura
412 5366 526 5424 taudem
540 5384 590 5423 suu
606 5371 658 5441 ipse
680 5369 765 5423 etiam
787 5367 931 5423 domestici
980 5366 1064 5423 Chri·
1119 5373 1262 5442 trahebat,
1279 5372 1329 5429 illa
1344 5375 1438 5447 pretio
1458 5375 1557 5448 aliquo
1582 5374 1757 5439 vendiderit,
1774 5376 1801 5427 et
1813 5375 1876 5424 tuno
1889 5359 1923 5415 n·

241 5456 390 5512 tianorum
407 5455 521 5529 (leid.);
543 5460 644 5528 utpote
668 5457 717 5528 qni
732 5455 909 5512 conditionis
934 5473 993 5513 suae
1008 5456 1063 5512 im·
1118 5467 1184 5518 ctus
1200 5462 1238 5518 sit
1253 5463 1558 5521 omninomutus,Ali0
1571 5469 1668 5522 nutem
1682 5463 1709 5518 in
1723 5449 1921 5518 librohscaliit

244 5543 398 5617 potientes,
415 5559 495 5600 mors
510 5544 595 5600 solito
615 5543 832 5601 insidiabuntur
846 5546 974 5604 dominis
989 5547 1063 5621 suis,
1119 5552 1181 5607 vide
1193 5567 1226 5606 ac
1242 5551 1415 5610 clarioribus
1430 5555 1535 5625 verbis,
1547 5554 1590 5611 sio
1604 5551 1774 5612 enuntiata:
1788 5548 1818 5604 Si
1824 5538 1922 5619 premio

245 5631 353 5703 quibus
369 5648 473 5689 nocere
486 5649 639 5706 uunquam
657 5649 714 5690 uon
730 5634 965 5692 conuitebentur.
1119 5642 1299 5714 impetramus
1320 5642 1357 5699 ab
1373 5643 1508 5716 ethnicis,
1534 5643 1692 5704 criminum
1717 5643 1875 5698 nostrorum
1888 5635 1921 5684 tt·
