4068 6186
131 363 191 426 tiss
744 365 796 426 tttt
819 363 1030 428 nariodus.
1045 395 1085 409 -
1099 363 1177 426 citt.
1198 363 1223 424 l.
1779 367 1839 434 630

129 495 287 565 vindicem,
302 496 328 555 si
351 495 460 565 vixero,
477 497 609 554 studebo.
625 496 689 554 Non
713 495 739 552 is
754 511 831 564 sum,
845 496 895 568 qui
908 511 955 552 me
969 495 997 564 Α
1013 496 1162 566 audacter,
1181 493 1365 554 Dodwellum
1380 496 1512 556 veritmis
1528 513 1637 567 amore¹
1654 504 1774 558 ceteros
1789 516 1839 561 aa·

129 583 176 658 iis,
191 601 267 658 quos
293 586 453 656 nominavi,
468 586 541 644 viris
567 586 700 643 doctrina
724 583 811 658 longe
836 585 955 643 inferio·
1012 585 1152 642 siduitats
1166 589 1196 643 st
1210 584 1362 658 diligentia
1377 603 1424 644 ma
1439 592 1648 661 superaturum
1660 605 1736 662 esec,
1753 605 1839 666 spott-
1893 625 1900 632 ·

131 690 192 732 rem
220 691 286 733 asse
313 675 453 734 nesciam.
470 675 549 733 Idem
579 679 687 748 tamen,
705 675 795 731 nimis
822 673 956 732 fortassis
1011 675 1076 732 deo.

222 1011 316 1207 O·
349 1195 353 1200 ,
382 1012 660 1179 SEPT.
727 1011 1014 1181 FLOR.
1078 1011 1753 1185 TERTULLIANI

680 1305 789 1403 att
831 1301 1267 1406 wartonus

867 1499 971 1562 LIBRI
998 1501 1089 1564 DUO.

750 1805 935 1901 LIBER
967 1805 1212 1903 PRIMUS.

159 2181 187 2237 f.
202 2179 416 2238 Testimonium
433 2179 604 2254 ignorantis
618 2183 798 2252 vestraque
814 2177 953 2252 iniquita·
967 2203 991 2270 Β
1007 2179 1133 2252 denique
1146 2181 1276 2254 gestiunt
1300 2182 1402 2256 latere,
1416 2181 1548 2240 devitant
1571 2197 1723 2256 apparere,
1739 2180 1832 2256 trapi·

121 2272 184 2326 tam
201 2271 273 2326 dum
288 2269 431 2340 defendit,
448 2269 580 2338 revincit,
596 2268 626 2325 in
643 2273 781 2341 promptu
802 2273 856 2333 est,
873 2267 952 2341 quod
1007 2267 1079 2322 dant
1094 2267 1393 2343 deprehensi,uegaut
1407 2269 1557 2338 accusati;
1574 2285 1610 2325 ne
1625 2267 1695 2326 torti
1710 2269 1832 2341 quidem

121 2359 291 2430 omnesqui
307 2359 461 2416 vobiscum
478 2364 555 2415 retro
571 2357 748 2431 ignorabant
758 2359 787 2412 et
801 2356 953 2414 vobiscum
1009 2355 1092 2413 facile
1107 2361 1159 2414 aut
1172 2373 1289 2431 semper
1311 2359 1497 2428 confitentur,
1513 2362 1590 2415 certe
1605 2357 1737 2415 damnati
1761 2375 1834 2416 moe·

122 2448 259 2514 oderant,
275 2446 365 2504 simul
388 2448 433 2504 ais
457 2447 579 2518 contigit
599 2445 684 2517 scire,
700 2445 841 2502 desinunt
855 2446 954 2502 odisee
1009 2450 1075 2501 rent
1086 2471 1093 2513 ;
1104 2446 1282 2519 exprobrant
1294 2447 1402 2504 etenim
1415 2447 1491 2520 quod
1504 2446 1626 2505 erantin
1641 2445 1832 2518 semetipsos:

121 2535 174 2608 qui
189 2535 334 2592 desinunt
347 2535 494 2608 ignorare.
510 2536 570 2592 imo
586 2534 662 2591 fiunt
674 2538 703 2591 et
718 2533 775 2607 ipsi
791 2534 868 2606 quod
885 2533 954 2591 ode·
1009 2532 1093 2589 maim
1109 2535 1217 2592 mentis
1231 2535 1267 2592 ah
1281 2535 1451 2592 innocentis
1466 2535 1627 2592 transitum
1641 2534 1686 2592 vsi
1702 2535 1762 2592 fato
1779 2535 1836 2592 im·

123 2629 202 2694 rant,
218 2629 248 2681 et
263 2623 410 2696 incipiunt
424 2624 523 2681 odisse
539 2623 617 2696 quod
634 2623 760 2680 fueraut.
776 2623 855 2680 Adeo
878 2639 954 2696 quo·
1008 2625 1140 2695 putent;
1170 2625 1241 2681 adeo
1271 2621 1376 2680 nolunt
1404 2639 1491 2681 suum
1521 2639 1597 2695 esse,
1626 2623 1697 2698 quia
1724 2623 1837 2681 malum

122 2713 195 2770 tidie
212 2713 429 2770 adolescentem
443 2727 601 2769 numerum
621 2709 856 2769 Christianorum
872 2712 953 2785 inge·
1010 2726 1118 2784 negare
1140 2727 1198 2768 non
1226 2714 1361 2784 possunt.
1376 2711 1535 2769 Christiani
1555 2727 1623 2769 tero
1637 2712 1677 2786 (1)
1691 2712 1763 2785 quid
1778 2711 1837 2770 tals

124 2802 219 2860 mitis.
235 2803 395 2860 Obsessam
411 2801 612 2859 vociferamini
634 2800 801 2870 civitatem3
817 2800 848 2857 in
864 2801 954 2873 egris,
1009 2801 1254 2873 consequuntur?
1269 2800 1424 2860 Meminem
1451 2801 1551 2876 pudet,
1569 2799 1717 2858 nemiuem
1740 2800 1835 2872 poeni·

121 2891 152 2948 in
168 2890 313 2956 castellis.
328 2891 357 2947 in
373 2890 479 2949 insulis
494 2889 676 2948 Christianos
687 2913 694 2958 ;
706 2905 824 2947 omnem
839 2905 953 2959 sexum,
1008 2894 1059 2961 tet,
1076 2888 1133 2946 nisi
1147 2893 1262 2946 tantum
1279 2888 1483 2962 pristinorum.
1498 2889 1529 2945 si
1544 2890 1711 2958 denotatur,
1726 2887 1835 2963 gloria-

123 2997 244 3038 omuom
261 2985 506 3050 atatam,omuem
521 2979 649 3052 dentque
664 2978 838 3052 dignitatem
855 2982 953 3034 trans·
1009 2982 1058 3036 tur
1074 2993 1081 3035 t
1098 2977 1123 3034 si
1138 2977 1276 3046 trahitur,
1292 2993 1350 3034 nou
1375 2977 1521 3035 subsistit.
1537 2976 1568 3033 Si
1592 2984 1757 3048 accusatur,
1775 2992 1833 3034 non

121 3067 437 3142 grediavobiequasi
454 3065 631 3125 detrimento
651 3066 767 3124 doletis.
784 3065 953 3124 Nectamen
1008 3065 1167 3137 defendit;
1201 3066 1409 3140 interrogatus,
1445 3065 1630 3132 confltetnr;
1663 3064 1833 3134 damnatus,

122 3157 179 3214 hoe
204 3156 272 3229 ipsc
296 3156 332 3213 cd
357 3156 582 3213 estimationem
598 3155 725 3228 alicujus
746 3152 864 3212 latentis
884 3153 953 3211 boni
1007 3154 1245 3230 gloriaturouod
1262 3154 1443 3213 boematum
1459 3153 1549 3222 ostiu
1565 3151 1709 3227 quometi
1725 3157 1832 3212 natura

123 3245 243 3302 animos
268 3245 468 3318 promovetia;
490 3261 547 3301 aon
571 3242 640 3301 licei
664 3243 773 3301 rectius
797 3241 953 3316 suspicari,
1008 3243 1128 3302 cessati

121 3352 180 3393 non
199 3333 274 3391 tibet
288 3334 410 3408 propius
436 3333 580 3407 experiri;
599 3331 644 3390 hic
662 3337 776 3390 tantum
797 3331 953 3390 curiositas
1042 3333 1071 3389 2.
1087 3334 1120 3390 iu
1136 3350 1194 3407 quo
1218 3333 1276 3407 ipsi
1291 3333 1381 3391 etiam
1402 3337 1505 3391 contra
1520 3331 1644 3390 formam
1659 3330 1833 3390 indicando-

120 3423 259 3480 humans
272 3421 422 3494 torpescit.
439 3422 551 3478 Amatis
568 3421 714 3494 ignorare,
726 3420 804 3494 qaod
821 3419 870 3477 alii
885 3436 954 3494 gau·
1008 3440 1074 3479 rum
1103 3422 1248 3480 malornm
1276 3421 1427 3494 iudicatis.
1445 3421 1518 3480 Nam
1546 3424 1685 3478 nocentes
1713 3421 1835 3493 quidem

120 3513 213 3568 deaut
227 3511 377 3568 invenisse
389 3529 396 3580 3
406 3509 818 3582 mavultisnsscire,quiajam
834 3509 950 3580 odistis,
1007 3512 1175 3585 perductos,
1191 3511 1216 3569 si
1231 3510 1396 3568 admissum
1416 3515 1536 3582 negant,
1551 3509 1706 3567 tormentis
1722 3509 1835 3582 urgetis

121 3598 208 3672 qnasi
234 3603 313 3656 certe
335 3615 393 3655 non
419 3595 552 3654 odituros
576 3614 628 3654 vos
651 3598 762 3655 sciatis.
779 3598 900 3670 Atquin,
924 3597 950 3655 si
966 3572 988 3642 G
1007 3599 1044 3655 ad
1059 3596 1471 3670 confessionem‚Chriatianos
1485 3613 1553 3655 veto
1568 3602 1672 3672 sponte
1682 3598 1834 3657 confessos

122 3687 241 3745 nulfum
261 3688 316 3744 erit
343 3687 414 3756 odii,
431 3687 592 3760 reperietur
619 3687 763 3760 optimum
788 3687 889 3760 utique
913 3687 949 3744 ab
1004 3687 1159 3746 tormentis
1174 3687 1370 3761 comprimitis
1396 3688 1432 3744 ad
1448 3685 1644 3760 negationem.
1661 3689 1730 3753 Qcte
1748 3689 1833 3745 tanttt

122 3775 276 3849 injustitia
289 3775 386 3847 priore
409 3775 578 3846 discedere;
594 3774 640 3832 sin
657 3791 723 3832 voro
738 3790 827 3832 causa
840 3775 948 3833 cousti-
1003 3777 1190 3849 perversitas,
1210 3782 1243 3834 ut
1266 3775 1444 3834 confessioni
1469 3774 1652 3850 repugnetis,
1667 3780 1830 3834 tormento·

121 3867 201 3938 terit,
229 3862 307 3921 nihii
331 3863 399 3920 odio
422 3863 600 3936 detrahetur,
623 3863 702 3936 quod
725 3863 797 3920 adeo
820 3863 948 3936 amptius
1003 3881 1069 3922 rum
1084 3865 1181 3922 officia
1201 3865 1333 3936 mutetis,
1349 3865 1443 3938 gratie
1458 3880 1540 3921 reum
1555 3865 1686 3934 evadere,
1702 3863 1827 3923 invitum

116 3953 244 4026 justitias
260 3951 384 4010 scientia
398 3951 609 4020 cumulabitur,
624 3951 682 4010 nisi
698 3951 724 4008 si
738 3951 889 4010 emendari
897 3968 949 4024 pu·
1002 3954 1211 4028 compellentes
1230 3954 1361 4028 negaret
1373 3953 1517 4012 Praesides
1530 3953 1734 4027 extorquenda
1749 3954 1826 4011 veri·

119 4045 237 4101 detaut
252 4041 386 4098 excusari
401 4039 558 4114 pigetscio
571 4040 668 4114 plens,
685 4057 744 4114 qua
759 4041 948 4114 responsione
1001 4043 1128 4116 tatis,de
1138 4041 1304 4100 sotienobis
1316 4042 1502 4101 mendacium
1515 4041 1679 4115 exquiritis,
1696 4045 1730 4098 ut
1745 4041 1827 4099 dica·

119 4131 223 4190 soletis
234 4129 438 4188 redundantia
448 4133 554 4186 nostre
566 4128 768 4186 testimonium
778 4130 946 4187 convenire:
1001 4149 1069 4190 mus
1085 4148 1138 4189 nos
1153 4149 1212 4190 non
1226 4148 1292 4190 sese
1307 4132 1386 4206 quod
1401 4148 1516 4190 sumus.
1533 4131 1653 4206 Opinnr‚
1665 4147 1724 4188 non
1738 4129 1826 4188 vultis

120 4237 176 4279 non
194 4220 301 4294 utique
316 4233 349 4276 so
364 4219 475 4276 bonum
491 4217 686 4292 preindicari,
704 4218 773 4291 quia
794 4218 947 4292 plerosque
1001 4239 1055 4280 uus
1071 4220 1164 4280 malos
1173 4237 1248 4294 esse,
1256 4222 1380 4294 ideoque
1390 4221 1506 4295 gestitis
1521 4221 1557 4278 ds
1572 4220 1628 4280 isto
1644 4219 1764 4278 nomine
1778 4235 1826 4278 ett-

119 4311 274 4368 conssrtat
287 4317 317 4364 ct
331 4307 388 4365 sibi
411 4306 516 4381 rapiat,
532 4306 666 4380 inquitis.
682 4305 753 4364 Novi
768 4306 946 4364 demutatio·
1001 4309 1128 4368 cludere.
1144 4315 1220 4368 Sane
1234 4315 1355 4368 caeteros
1378 4309 1482 4368 adhoc
1497 4308 1618 4367 tenditis
1635 4313 1644 4348 ¹
1661 4312 1690 4366 et
1709 4309 1826 4366 carnifi-

119 4415 186 4456 nem
201 4397 311 4455 mentis
325 4400 355 4453 at
368 4395 462 4454 males
477 4400 586 4470 partes.
602 4395 677 4461 Quot
692 4396 855 4454 desertores
865 4397 946 4454 bone
1001 4400 1084 4468 catis,
1100 4405 1134 4458 ut
1157 4404 1265 4474 negent
1278 4416 1343 4457 esse
1367 4399 1444 4474 quod
1461 4415 1527 4456 esee
1551 4399 1700 4456 dicuutur.
1716 4397 1826 4472 Atquin

118 4490 183 4546 tite
197 4491 210 4544 i
225 4493 298 4560 quot
319 4487 478 4560 transfuga
502 4487 532 4542 in
558 4487 753 4560 perversum?
767 4487 851 4545 ttuttt
870 4490 947 4546 bona
1000 4488 1059 4547 illie
1083 4490 1260 4564 negantibus
1276 4506 1334 4546 non
1360 4486 1501 4557 creditis;
1517 4487 1614 4558 nobis,
1630 4487 1656 4544 ei
1674 4485 1827 4560 negaveri-

119 4580 187 4646 fide,
205 4578 268 4636 imo
285 4577 349 4649 J'em
377 4577 476 4650 piures
500 4592 552 4649 pro
577 4577 810 4635 extremitatibus
832 4583 946 4651 tempo·
1001 4596 1080 4648 mus,
1095 4579 1196 4636 statim
1212 4577 1340 4635 creditis.
1356 4577 1387 4634 Si
1402 4576 1474 4634 uerti
1489 4577 1560 4634 estis
1577 4593 1629 4633 nos
1650 4575 1827 4634 nocentissi-

119 4667 314 4724 rum.Vcrum
328 4661 598 4738 deficitadequatio
608 4665 836 4736 comparationis
847 4665 945 4724 istius.
1001 4685 1066 4728 mos
1080 4683 1156 4741 esse,
1172 4683 1224 4724 cur
1247 4667 1335 4724 etiam
1351 4666 1381 4725 in
1397 4667 1453 4724 hoc
1477 4666 1563 4724 aliter
1578 4682 1667 4740 quatu
1688 4668 1826 4726 nocentes

118 4755 195 4812 Nam
211 4753 249 4809 de
273 4751 352 4809 malo
366 4751 409 4808 ita
432 4755 548 4809 constat
561 4752 640 4826 apud
655 4769 768 4827 omues,
784 4757 817 4810 ut
831 4771 868 4811 ne
888 4754 947 4830 ipsi
1001 4757 1114 4817 atobie
1129 4754 1270 4832 agimur?
1285 4756 1347 4814 Non
1358 4756 1425 4814 dico
1449 4756 1526 4829 quod
1538 4771 1633 4828 acque
1645 4753 1826 4813 accusationi

117 4846 243 4919 quidem
259 4843 313 4914 rei,
330 4842 380 4917 qui
395 4844 433 4900 ad
447 4842 558 4900 malum
573 4846 729 4902 transeunt
743 4849 773 4903 et
786 4862 804 4903 a
817 4845 901 4904 vobis
915 4845 945 4902 in
1001 4863 1096 4920 neque
1113 4845 1291 4904 recusationi
1311 4844 1440 4920 spatium
1452 4842 1666 4916 commossem
1681 4843 1783 4902 soletis
1797 4845 1828 4900 et

116 4950 258 5008 perversa
286 4931 449 5001 divertunt,
464 4931 620 4992 detondere
650 4932 760 4992 melum
789 4951 843 5008 pro
869 4935 947 4994 bono
961 4938 986 5004 l)
1001 4936 1184 4994 inaccusatos
1207 4939 1237 4992 et
1260 4933 1429 4992 indefensos
1453 4950 1510 4991 nou
1535 4937 1644 4993 temere
1672 4933 1826 4991 damnare.

115 5025 259 5082 audeant.
288 5021 398 5096 Turpia
424 5020 535 5094 timori,
564 5023 670 5096 pudori
700 5022 792 5099 impio
814 5023 944 5097 hahent3
999 5025 1056 5083 Sed
1072 5022 1151 5082 verbi
1174 5022 1269 5097 gratia
1284 5023 1309 5080 si
1329 5022 1364 5081 de
1380 5021 1529 5082 homicida
1544 5023 1716 5082 confutatur
1728 5022 1751 5097 ’,
1767 5036 1827 5081 nott

834 5171 938 5238 Varia
952 5170 1112 5236 lectiones.

150 5295 160 5332 ¹
178 5293 217 5350 ts
232 5295 279 5351 fr.
297 5289 353 5366 top.
368 5290 505 5350 tunditis.
544 5291 671 5368 'Rioctt
686 5295 804 5370 eocjsmt
818 5313 828 5353 .·
843 5295 1037 5356 consultatur.

840 5430 1102 5494 Commentarius.

148 5549 191 5622 (f)
209 5548 364 5608 Christiani
391 5565 464 5608 vcro.
495 5549 656 5609 Christiani
687 5552 770 5611 nulia
796 5552 824 5610 vi
855 5551 950 5611 coacti
1026 5545 1825 5626 atusveluitroconfitetur;damnatus,gratiasagit.»3

112 5621 303 5680 christianos
324 5639 358 5680 ss
373 5621 522 5694 dicebant,
538 5639 631 5697 eaque
653 5625 690 5682 de
705 5639 736 5682 rs
761 5638 951 5698 summopere
1005 5567 1060 5690 hui
1071 5640 1137 5681 vero
1151 5623 1181 5681 id
1205 5623 1282 5680 uitro
1295 5623 1475 5692 fatebantur,
1493 5623 1559 5681 ideo
1573 5620 1707 5680 damnati
1720 5621 1772 5674 aut
1786 5629 1827 5674 tat

113 5691 347 5767 gloriabantun
363 5691 390 5752 st
402 5699 571 5764 accusatur,
586 5712 645 5756 nou
659 5696 810 5769 tarentin
825 5695 950 5755 intorro-
1005 5711 1065 5754 nou
1079 5699 1171 5754 eraut.
1185 5693 1224 5754 hs
1240 5694 1288 5755 fs.
