4046 6172
125 376 177 436 tot
668 373 965 436 Apunoabttcus
986 373 1077 433 aut.
1102 373 1266 436 GENTES.
1761 373 1820 434 tuo

125 522 170 564 neo
184 504 298 560 tertiam
313 507 426 574 partem
442 501 471 560 in
483 519 565 559 aram
587 503 652 574 ejus
676 503 838 574 imponitis.
864 504 937 560 Lau·
951 507 980 576 Α
992 503 1102 575 iovem,
1121 521 1158 562 ne
1168 505 1302 561 eamdem
1312 503 1369 559 vim
1386 521 1403 559 a
1426 502 1538 560 nataris
1560 502 1706 560 caelitibus
1730 519 1819 578 erps-

123 595 155 650 do
169 595 190 630 ’³
205 593 301 665 magis
315 593 571 665 sapientemquod
587 593 623 649 de
638 593 751 666 perdito
762 593 819 666 (15)
829 591 940 664 aliquid
994 593 1203 666 riretur,opera
1217 593 1372 664 cujusdam
1389 592 1513 650 monstri
1530 593 1731 660 liberatum,et
1741 609 1820 649 nune

122 683 229 756 eripitis
244 683 276 741 ¹⁸.
290 682 346 738 Sed
364 698 523 739 conversus
538 683 573 738 ad
590 681 703 739 litteras
728 687 851 750 vestras,
875 682 941 754 qui·
995 682 1110 740 llentem
1132 681 1293 756 Sapedonis
1316 698 1429 749 casum,
1456 699 1534 738 nunc
1568 683 1639 739 lade
1662 683 1819 738 subantem

121 773 169 831 bns
182 770 382 828 informamini
394 772 429 828 ad
440 771 514 829 251
529 772 714 842 prudentiam
723 775 751 828 et
761 772 795 828 sd
809 771 942 828 liberalia
994 771 1820 830 mineororemsubcommemorationcmnonitadilee-

121 858 608 932 oldaia,quantainvenioludibrial
624 859 777 916 deoeintar
786 875 817 916 se
823 865 941 932 propter
994 864 1091 918 tarum
1102 861 1281 934 jampridem
1297 862 1460 916 amicarum
1473 860 1529 933 (16)
1539 860 1552 914 ‘i
1563 859 1671 916 Exinde
1682 861 1749 932 quis
1760 877 1818 917 non

120 953 254 1020 trajanus
279 946 449 1005 etAcbivos
478 952 510 1004 ui
537 947 732 1021 gladiatorum
762 949 844 1022 paria
871 964 940 1004 oon·
996 955 1081 1020 poeta
1095 965 1130 1005 er
1145 949 1304 1006 autoritate
1330 947 1471 1022 principia
1495 947 1543 1004 sui
1568 947 1818 1006 dedecoratorin-

120 1036 939 1112 grassosuspugnssss,vansrsmhumanassgitusau-
995 1035 1820 1116 veniturdeorumilliaappollinemtldmetoregipascen-

119 1125 321 1198 ciatam,quod
333 1123 428 1181 illium
444 1128 648 1182 anumAEnean
664 1141 739 1198 pana
753 1125 940 1182 interiectum
996 1127 1042 1182 dis
1058 1127 1212 1200 pecoribus
1227 1125 1336 1183 addicit
1349 1126 1417 1198 (17),
1432 1124 1482 1183 111ε
1496 1126 1623 1198 Neptuni
1647 1126 1820 1184 structorias

118 1216 151 1273 ab
165 1215 269 1272 eodem
285 1213 423 1270 Diomede
437 1229 539 1287 rapere
558 1213 646 1270 vellet
664 1214 711 1283 ”3
736 1213 859 1272 Martem
884 1219 941 1271 trs·
996 1213 1304 1289 operasbaomadonii
1324 1213 1412 1272 locat.
1443 1215 1494 1272 Est
1520 1219 1550 1271 et
1574 1213 1634 1272 illia
1657 1216 1693 1271 de
1721 1215 1820 1288 lyricis

118 1303 206 1362 desim
230 1302 385 1361 mansibus
409 1304 440 1359 in
460 1301 587 1360 vinculis
612 1319 684 1376 pene
708 1307 939 1376 consumptum3
997 1303 1168 1376 (Pindarum
1183 1303 1270 1376 dico),
1291 1303 1342 1377 qui
1364 1299 1567 1376 AEeoulapinm
1589 1303 1670 1361 canit
1692 1303 1819 1360 avaritie

824 1437 926 1500 Varia
945 1437 1107 1502 lectiones.

144 1563 421 1621 ”mudabosemt
472 1563 608 1620 ¹'Deeori
632 1563 751 1620 tisias.
791 1563 815 1599 ²⁰
831 1561 892 1620 Cod.
910 1563 988 1620 rota.
1006 1580 1013 1621 :
1029 1581 1096 1621 cum
1113 1563 1207 1620 tilium
1225 1580 1312 1620 suum
1328 1563 1459 1635 AEnsam,
1481 1580 1518 1621 ns
1540 1563 1759 1621 interimeretur
1775 1581 1820 1622 ra-

111 1633 589 1780 poedzvfflsassetboffrgerss'gtlrgoe
622 1636 750 1693 introitus
773 1638 857 1692 mouit
874 1635 1035 1708 Riputtium,
1052 1645 1082 1693 ut
1101 1637 1163 1694 ltaee
1177 1636 1258 1694 acrba
1280 1651 1394 1707 prorsas
1418 1637 1530 1704 deleret,
1550 1637 1612 1692 Haee
1636 1637 1717 1694 liutet
1740 1635 1818 1694 llacr.
1893 1687 1894 1695 ,

835 1825 1098 1888 Commentarius.

112 1965 283 2015 rasrreraso.
304 1965 447 2005 amaruan.
467 1965 513 2005 vr.
534 1964 640 2006 racrar.
671 1965 762 2006 vnum.
793 1959 975 2026 mammen
1021 1948 1087 1998 liar.
1102 1947 1178 2000 λεια
1194 1960 1254 1998 cnm
1269 1947 1407 1998 vasculum
1422 1946 1530 2013 aliquod
1546 1948 1693 2013 surriperes
1707 1948 1782 2000 berc.

113 2037 229 2083 rasura.
252 2035 318 2077 soc.
338 2037 437 2084 inova.
458 2035 559 2077 ananie.
579 2037 671 2078 nouis.
692 2037 754 2078 nes.
782 2037 876 2078 arona.
897 2037 937 2077 ur
991 2011 1160 2062 F⁸010b⁸fflfl

114 2109 204 2148 arari.

143 2165 345 2245 Sumptuoaua
358 2166 436 2219 certe
450 2168 536 2230 Deua,
551 2162 601 2235 qni
618 2166 679 2220 tam
695 2163 800 2237 grandi
816 2163 936 2236 dispen-

113 2233 156 2289 dio
170 2235 226 2290 coli
247 2249 367 2290 neccsse
382 2235 517 2292 habebat.
533 2235 626 2299 Onam
641 2233 672 2291 in
685 2252 746 2292 rem
757 2234 939 2309 elegentissi-

112 2305 149 2361 mi
162 2306 258 2362 simul
273 2309 303 2361 st
316 2306 497 2364 veracissimi
512 2321 613 2364 versus
626 2313 698 2364 sunt
721 2307 866 2380 Antipatri
885 2309 939 2364 lu·

112 2377 241 2450 tiotoqiae
257 2377 333 2434 libro
349 2395 369 2434 r.

111 2495 237 2594 Εόχολος
252 2499 392 2625 Ἑρρεύις,
409 2499 432 2553 ὦ
446 2497 584 2571 ποιμένες,
601 2496 628 2554 έν
645 2497 673 2555 δέ
688 2499 805 2575 γάλακτι

110 2572 302 2698 ύλιλλῳόόκῆέ]
322 2568 797 2720 wipcqnlaeddtitiigl‘lffliluiraxbv
818 2641 885 2720 όρνα

109 2715 190 2782 Airai,
204 2662 259 2769 καλ
270 2735 291 2769 π
309 2735 378 2770 ντων
390 2663 420 2770 έν
438 2713 501 2778 θύος
517 2712 666 2789 ἐκλέγεται.

111 2785 195 2841 ’atta
210 2786 315 2849 λύκους
331 2783 425 2861 εἵργει-
442 2786 478 2844 'l'l
493 2783 522 2842 δέ
539 2787 571 2841 τὸ
586 2785 679 2854 πλέον,
696 2785 720 2842 ai
733 2787 764 2841 τὸ
779 2785 918 2863 φυλαχθλν

110 2857 254 2932 Ὅλλυται,
271 2855 442 2928 siccitatatem,
459 2856 508 2922 εἴθ’
524 2859 575 2914 ὑπὸ
589 2862 638 2913 τοῦ
651 2855 782 2934 φύλακος.

111 2985 216 3040 Versus
229 2983 348 3040 Graecos
363 2983 418 3040 boc
434 2983 522 3041 modo
536 2982 684 3056 eleganter
706 2983 853 3056 toeapnus
868 2987 938 3041 Sca·

112 3055 181 3126 liger
196 3055 321 3114 Latinae
337 3055 427 3112 tecit:

169 3153 331 3216 Mercurius,
347 3152 433 3216 pueri,
450 3153 562 3202 minimo
576 3152 721 3215 placabilia,
738 3153 783 3204 illu

171 3217 262 3274 Lacte,
277 3216 321 3266 rel
336 3217 435 3278 agresti
449 3217 528 3266 melle
543 3215 636 3266 litatus
650 3216 710 3266 erit.

168 3277 229 3328 Non
246 3278 287 3328 sic
301 3277 408 3328 aleines
423 3290 429 3327 :
446 3279 514 3328 aries
529 3283 577 3328 aut
592 3291 706 3341 magnus
722 3277 830 3341 opimus

172 3341 311 3402 Poscitur,
326 3345 374 3390 aut
387 3341 479 3403 aliquo
494 3341 527 3392 da
542 3354 622 3404 grege
636 3344 705 3391 tecta
718 3345 809 3404 pec'us.

171 3403 247 3454 Dicis
266 3408 294 3453 at
309 3403 354 3452 ille
368 3401 446 3466 lupos
460 3407 541 3460 ercet,
558 3403 636 3468 quasi
649 3404 755 3462 referat,
771 3405 861 3454 utrum

163 3465 278 3528 Custos,
298 3478 368 3516 anns
385 3479 469 3530 rapax
483 3465 578 3530 perdat
600 3465 669 3516 ovile
683 3465 771 3529 lupus.
805 3465 869 3516 liar.

139 3571 192 3642 (15)
212 3573 255 3628 De
273 3572 407 3644 perdicto.
425 3574 505 3628 Idem
521 3571 570 3628 iile
584 3572 738 3628 Plautinus
755 3588 858 3628 servus
873 3570 938 3627 istis

109 3644 241 3701 versibus
258 3645 492 3717 quipreeednnt,
508 3645 663 3716 increpans
678 3643 740 3700 beri
756 3643 911 3700 stultitiam
929 3659 936 3698 z

108 3755 207 3809 bonini
222 3757 359 3824 quidquid
374 3757 584 3819 babat,rerritur
599 3758 652 3821 ἑξως
667 3757 885 3832 quandoquidem
895 3757 922 3832 ip

626 3823 693 3880 (aina
706 3822 841 3886 perditum
859 3822 936 3880 sedit,

109 3881 211 3934 Secreto
222 3881 318 3934 hercle
333 3881 462 3948 squidem
471 3883 547 3934 illum
559 3883 938 3996 adjutab0,neqnemea((i¹qgrli1;

165 4007 257 4072 Opera
272 4019 415 4072 nunquam
430 4007 607 4060 nihilominus
624 4012 938 4135 properequffirpboittpat

109 4160 134 4210 et
147 4156 196 4228 qui
215 4173 294 4230 pone
310 4162 487 4230 aequantur.

165 4264 235 4314 Nam
252 4265 306 4315 boc
321 4264 437 4315 assimile
459 4268 510 4325 eat,
526 4265 603 4329 qnasi
618 4265 652 4316 da
665 4265 749 4316 fluvio
777 4265 822 4339 qui
839 4277 937 4340 aquam

165 4388 224 4439 Nisi
240 4389 382 4439 derivatur
392 4403 400 4449 ;
410 4392 501 4440 tamen
512 4391 600 4440 omnis
611 4404 643 4441 aa
651 4328 937 4454 εοιιεέόιόόλλιόόόόόό,

165 4453 236 4502 Nam
253 4451 348 4502 hocin
364 4464 437 4502 mare
451 4453 516 4514 abit,
531 4452 628 4504 misera
639 4453 710 4516 perit
723 4452 937 4580 εῑρραιχιρρχαυυ-

107 4617 164 4744 ρετ
178 4635 302 4748 auoque
312 4623 445 4691 spectant
459 4619 601 4678 Lactaniii
616 4622 704 4678 verba
718 4620 747 4677 in
765 4621 816 4677 lib.
829 4637 931 4692 rr,eap.

109 4715 162 4818 nori
178 4763 304 4845 babent,
320 4764 371 4848 qni
387 4765 638 4848 accipiunt,quaur
654 4765 703 4836 qui
716 4763 934 4848 illaduonanrunbt,

107 4834 154 4890 ubi
170 4841 198 4891 et
214 4835 350 4909 Dionysu
367 4835 503 4910 sacrilegi
517 4837 606 4893 rerba
620 4835 748 4894 adverte.
765 4835 799 4892 Hr
821 4838 862 4892 dn
875 4853 935 4893 am·

109 4903 174 4962 licet
189 4913 265 4964 aunt
280 4923 315 4963 er
331 4906 389 4964 illie
408 4906 527 4978 mortui,
552 4909 588 4964 de
609 4909 719 4974 quibua
741 4907 860 4982 sapiens
887 4909 937 4966 ills

107 4977 224 5050 ltimus,
243 4977 381 5036 Publium
396 4980 462 5036 dico
476 4997 561 5037 versu
576 4981 640 5036 608.

166 5083 279 5135 Mortuo
294 5097 395 5136 munna
411 5085 457 5149 qni
471 5086 563 5147 mittit,
577 5085 616 5136 nil
630 5085 676 5136 dat
690 5085 739 5147 illi,
751 5085 845 5136 adimit
856 5085 918 5138 sibi.

138 5188 202 5246 Non
218 5190 386 5262 injucunda
424 5191 517 5264 igitur
549 5191 699 5249 altercatio
723 5191 855 5249 certonia
870 5208 938 5250 cum

111 5261 256 5319 ltercurio
271 5263 349 5336 apud
365 5261 515 5337 aristoph.
531 5263 560 5319 ln
577 5264 653 5321 Plut.
669 5268 731 5321 Ate.
745 5281 772 5334 v,
788 5281 829 5320 ao.
846 5281 866 5321 r.

109 5368 157 5422 ΕΡ.
174 5367 230 5423 Καὶ
247 5367 302 5440 μὴν
315 5367 397 5424 όπότε
409 5389 435 5424 τι
452 5367 534 5424 crida
555 5389 593 5424 ιον
608 5373 657 5424 τοῦ
672 5367 806 5427 δεσπότου

109 5437 248 5530 Ὑρεὶλου,
261 5435 314 5513 ipat
330 5460 360 5496 ca
375 5439 515 5505 λανθάνειν
534 5385 643 5498 {colcos
660 5441 711 5498 tat.

110 5508 165 5562 ΚΑ.
193 5511 236 5566 Eo
260 5510 313 5582 ᾧτε
329 5512 453 5586 μετέχειν
468 5511 561 5580 αότδς,
576 5511 599 5568 ὣ
612 5512 783 5590 τοιχωρύχε,

110 5579 188 5634 ’Haec
194 5569 259 5708 χλρ
274 5579 303 5636 όν
320 5603 363 5638 σοι
377 5585 472 5646 ναστὸς
488 5584 516 5638 εὖ
530 5584 714 5658 πεπεμμένος.

111 5651 163 5706 ΕΡ·
181 5653 193 5671 '
217 5672 300 5708 πειτα
312 5655 410 5710 τοῦτόν
423 5657 448 5729 γ’
463 5653 544 5722 αὐτὸς
558 5654 588 5710 δν
600 5658 755 5728 κατήσθιες,

115 5726 170 5778 llll.
187 5722 229 5780 ot
245 5724 296 5800 γὰρ
313 5731 438 5803 μετεῖχες
451 5727 499 5790 τὰς
515 5725 573 5789 ioca
587 5727 696 5804 πληγὰς
708 5727 782 5803 ἐμοὶ,

114 5793 213 5850 'Oudai
229 5815 258 5850 τι
274 5793 409 5876 lipparim
423 5802 614 5878 πανουργήσας
629 5799 693 5877 ἐγώ.

203 4695 231 4748 is
247 4709 355 4748 aurum
372 4697 401 4749 st
415 4697 571 4776 argeutum
595 4697 778 4760 consecrant,
794 4709 856 4766 qum
873 4698 932 4749 tam
948 4695 972 4761 Ι)

1155 2074 1160 2086 Ι
1179 2024 1205 2074 ο,
1216 2024 1251 2060 ne
1265 2011 1365 2082 quista
1379 2012 1407 2062 ln
1424 2012 1493 2060 torto
1507 2011 1731 2086 deprehenderet.

1023 2073 1066 2124 Ca.
1083 2073 1138 2122 Hoc
1154 2088 1161 2123 1
1182 2086 1213 2123 eo
1228 2072 1355 2146 iactabas,
1369 2073 1491 2148 parlosor
1505 2079 1648 2139 parietum,

992 2135 1326 2262 tttdtatttttitt
1340 2135 1580 2272 restitutit*

1023 2263 1087 2312 lira.
1103 2260 1154 2311 Sed
1170 2275 1232 2310 eum
1248 2273 1345 2324 panem
1362 2265 1419 2311 tute
1433 2275 1491 2324 rpaa
1506 2259 1605 2311 edebas
1620 2263 1722 2324 postea.

1015 2323 1248 2396 ‚nauseamque
1264 2323 1336 2373 enim
1350 2324 1536 2373 tueorumdem
1555 2335 1658 2374 mecum
1675 2324 1815 2375 verberum
1881 2349 1884 2354 ·

992 2385 1087 2459 Flebas
1120 2387 1242 2460 artiaeps,
1257 2387 1342 2436 sicubi
1359 2384 1578 2460 deprebendercr

990 2448 1087 2514 Aliquo
1118 2453 1290 2500 committens
1304 2447 1445 2511 dagitrum.

994 2545 1027 2600 itt
1039 2545 1172 2601 eamdem
1185 2545 1222 2601 ob
1237 2561 1357 2601 causam
1381 2544 1522 2618 Diogenes
1544 2543 1657 2619 ἄγασθαι
1681 2547 1736 2598 τῶν
1753 2541 1817 2600 δού-

993 2613 1048 2671 λων
1065 2615 1091 2670 οἳ
1106 2610 1345 2704 λαόροφαχοῦντας
1367 2615 1483 2689 δρῶντες
1506 2613 1570 2676 τοὺς
1597 2611 1738 2688 δεσπότας,
1762 2637 1816 2690 μη-

993 2684 1035 2742 δέν
1052 2685 1196 2762 ἁρπάζοιεν
1212 2707 1265 2742 των
1289 2685 1465 2759 ἐσθιομένων,
1497 2688 1517 2743 i.
1542 2704 1579 2756 ε’,
1603 2711 1617 2740 «
1643 2705 1742 2746 servos
1759 2693 1816 2745 mi·

992 2760 1123 2822 rebatur,
1138 2761 1188 2832 qni
1204 2777 1270 2816 cum
1288 2761 1391 2817 edaces
1415 2759 1551 2817 dominos
1566 2765 1726 2828 cernerent,
1744 2760 1817 2817 nibil

992 2833 1158 2904 deriperent
1173 2831 1304 2889 ciborum
1323 2854 1346 2898 ι,
1364 2837 1396 2886 ut
1410 2836 1511 2888 narrat
1527 2832 1667 2888 laertius.
1686 2834 1751 2888 Ηιν.

1027 2903 1083 2976 (16)
1112 2902 1170 2958 Non
1201 2906 1241 2959 itu
1272 2903 1436 2960 dilectorem
1457 2903 1623 2960 amicorum.
1648 2904 1692 2959 lta
1713 2900 1816 2958 malim

992 2991 1059 3030 cum
1075 2975 1185 3046 optimo
1204 2974 1332 3030 l'nldano
1348 2977 1456 3040 codice,
1473 2990 1558 3046 quam
1583 2990 1649 3030 eum
1666 2973 1732 3030 aliis
1749 2991 1816 3030 om·

992 3046 1080 3102 nibus
1093 3063 1099 3102 :
1110 3067 1125 3096 u
1137 3045 1199 3102 Non
1209 3045 1250 3101 ita
1265 3045 1817 3118 dilectarumjampridemamicarum.»

993 3117 1143 3190 Siquidem
1153 3117 1242 3174 iatum
1258 3117 1288 3174 in
1303 3118 1422 3174 vetitum
1438 3118 1535 3174 nisum
1549 3121 1577 3173 et
1588 3123 1727 3190 negatum
1738 3132 1815 3172 ana·

992 3196 1058 3244 tura
1074 3189 1163 3245 eitum
1185 3189 1251 3261 ipsa
1274 3191 1390 3245 abunde
1411 3189 1490 3245 Juno
1515 3194 1609 3257 norat,
1637 3192 1816 3261 quapropter

994 3277 1205 3332 nonnunquam
1222 3277 1253 3316 se
1261 3259 1324 3316 Jovi
1335 3262 1391 3318 sub
1399 3261 1511 3332 pellicia
1522 3262 1617 3352 speeie
1625 3259 1816 3317 substituisse

954 3332 1289 3405 cnarraiPhilostrat..
1308 3349 1335 3404 p.
1351 3332 1412 3398 itte,
1439 3329 1505 3386 ἰδεῖν
1518 3331 1597 3386 αυτὸν
1625 3331 1687 3386 τότε
1713 3328 1813 3402 ἡδέως,

994 3401 1117 3472 ότιαύτὴ
1134 3401 1238 3458 σύνεστι
1254 3400 1351 3480 λάθρα,
1370 3403 1420 3471 τὴν
1447 3423 1498 3478 γαρ
1526 3399 1661 3458 attrectat
1688 3399 1815 3458 τέθεικεν.

993 3474 1031 3538 et<
1046 3473 1155 3544 κλοπὴν
1173 3473 1308 3550 μοιχείας.
1338 3475 1370 3531 Εἰ
1389 3475 1462 3531 eatis
1475 3474 1553 3533 bella
1571 3473 1719 3531 excusatio
1734 3491 1816 3531 amo·

993 3564 1059 3604 rum
1077 3547 1154 3604 AElire
1170 3564 1230 3603 sua
1246 3547 1318 3604 Vero
1332 3547 1487 3604 videbatur
1501 3547 1577 3620 apud
1592 3545 1813 3620 Spartian.,c.5,

993 3635 1059 3676 cnm
1076 3619 1185 3675 diceret
1213 3619 1249 3675 ad
1271 3635 1390 3676 uxorem
1409 3637 1446 3676 :i
1472 3623 1574 3676 Patere
1599 3635 1646 3675 me
1669 3635 1721 3690 per
1743 3619 1817 3675 alias

992 3707 1125 3748 exercerc
1140 3689 1317 3763 cupiditates
1342 3706 1423 3747 meas
1438 3709 1445 3758 ;
1462 3707 1535 3747 uxor
1559 3689 1638 3746 enim
1662 3689 1815 3763 dignitatis

992 3779 1099 3820 noman
1115 3767 1167 3832 eat,
1183 3779 1241 3819 non
1256 3762 1426 3837 voluptatis.
1443 3761 1636 3825 obedimus,
1652 3778 1740 3833 quem
1751 3779 1816 3819 res·

992 3835 1070 3908 pexit
1085 3841 1197 3901 auctor,
1214 3838 1242 3890 et
1257 3849 1323 3890 oum
1339 3832 1390 3890 illo
1404 3834 1609 3903 Minucine,est
1619 3834 1696 3906 apud
1708 3834 1816 3890 Home·

992 3923 1058 3963 rum
1070 3905 1154 3962 iliad.
1170 3907 1206 3972 Ξ,
1222 3921 1297 3973 vera,
1313 3906 1375 3976 311,
1392 3905 1442 3960 ubi
1457 3904 1572 3978 Jupiter
1587 3905 1713 3974 'l'rojuno
1737 3905 1815 3962 bello

991 3978 1133 4044 intentus,
1159 3982 1311 4033 revocatus
1334 3993 1401 4033 vero
1430 3976 1498 4032 inde
1532 3975 1682 4032 blanditiis
1702 3978 1813 4044 uxoria,

992 4065 1088 4107 acrem
1104 4047 1257 4105 stimulum
1266 4047 1387 4104 Veneris
1403 4047 1689 4174 proditiongamque
1705 4048 1813 4104 emiea-

992 4137 1057 4178 rum
1073 4121 1178 4176 seriem
1194 4119 1388 4192 pertexit,non
1402 4137 1441 4174 un
1465 4136 1532 4175 uam
1552 4135 1619 4190 erga
1634 4120 1642 4174 i
1658 4119 1701 4175 las
1715 4121 1765 4186 ita,
1782 4123 1816 4174 ut

991 4197 1062 4249 tunc
1073 4209 1142 4266 erga
1156 4195 1301 4248 lunonem
1318 4191 1450 4248 allectus.
1480 4193 1536 4247 ude
1550 4191 1813 4262 expressiusstiam

991 4266 1027 4322 ad
1042 4264 1200 4320 Homerum
1216 4268 1245 4319 at
1259 4262 1414 4320 lectionem
1430 4268 1561 4319 nostram
1575 4261 1604 4318 in
1620 4261 1672 4318 lib.
1688 4261 1814 4332 ladas,

992 4354 1011 4392 1.
1031 4337 1064 4391 10
1081 4351 1088 4390 :
1108 4357 1121 4386 ν
1137 4339 1193 4391 Aut
1206 4333 1402 4391 luxuriantem
1426 4350 1493 4389 cum
1516 4333 1633 4390 Junone
1656 4333 1816 4390 imdiasims

992 4407 1106 4464 inducit
1120 4407 1324 4463 commendato
1341 4405 1470 4462 libidinis
1493 4404 1637 4462 desiderio
1663 4421 1714 4477 per
1732 4421 1817 4462 com·

993 4479 1236 4535 memorationem
1252 4484 1280 4535 et
1290 4478 1541 4535 enumerationem
1557 4478 1729 4534 amicarum.
1745 4498 1759 4528 ιι
1779 4477 1817 4533 [ie

991 4555 1083 4606 Marte
1102 4567 1155 4606 suo
1170 4550 1268 4606 Venus
1293 4568 1309 4606 a
1331 4550 1370 4606 ud
1389 4549 1552 4606 Martialem
1573 4547 1602 4604 in
1626 4547 1816 4620 epithalamio

993 4621 1139 4678 liiantidis
1153 4628 1182 4678 et
1195 4621 1301 4691 Stellas,
1311 4567 1363 4677 iit.
1380 4637 1419 4690 vr,
1435 4622 1480 4676 21.

1054 4719 1105 4770 Sed
1120 4723 1262 4782 postquam
1277 4733 1353 4770 meua
1368 4723 1418 4778 ast,
1429 4718 1506 4769 nulla
1520 4731 1563 4768 ma
1579 4716 1673 4779 pellice
1690 4717 1758 4768 lesit
1773 4734 1780 4773 ;

1053 4783 1117 4832 Tam
1132 4782 1201 4846 irugi
1214 4783 1286 4832 Juno
1301 4783 1383 4832 vallet
1394 4781 1494 4832 babere
1507 4781 1610 4831 lovem.

990 4867 1088 4925 Possis
1102 4867 1181 4924 bunc
1197 4867 1293 4924 locum
1308 4867 1351 4924 ita
1364 4869 1452 4923 stiam
1464 4867 1624 4924 reformare
1640 4883 1647 4923 :
1665 4888 1679 4917 «
1694 4870 1757 4923 Non
1774 4867 1815 4924 ita

990 4940 1165 4996 dilectarum
1177 4939 1297 5012 quidem
1315 4939 1486 5008 amicarum,
1502 4937 1560 5008 vel,
1589 4955 1647 4994 non
1663 4937 1704 4994 ita
1726 4939 1815 4996 dilec-

989 5017 1089 5068 tarum
1107 5012 1183 5067 baud
1200 5012 1312 5084 pridem
1336 5011 1509 5068 amicarum.
1525 5009 1635 5076 »Quod
1659 5009 1816 5067 stultitiam

990 5083 1071 5140 illius
1084 5082 1166 5140 lovis
1181 5081 1275 5154 magis
1300 5083 1408 5156 arguit,
1432 5087 1466 5138 ut
1483 5083 1534 5157 qni
1548 5080 1673 5140 lunonis
1696 5098 1754 5140 anas
1770 5099 1818 5140 re·

991 5155 1087 5213 centia
1102 5156 1212 5212 lederet
1224 5154 1355 5211 vulnera.
1371 5153 1439 5210 Har.

1028 5227 1083 5298 (17)
1099 5226 1216 5283 Addieit.
1238 5226 1359 5298 Propria
1382 5225 1515 5298 praetoris
1541 5225 1645 5282 vorin
1671 5225 1821 5298 peculium

993 5297 1119 5369 alicujus
1152 5297 1382 5370 servitutemque
1413 5314 1590 5369 quemquam
1622 5298 1819 5368 detrudendo,

994 5371 1072 5497 guod
1088 5369 1119 5425 iu
1135 5368 1271 5427 obaeratis
1286 5374 1315 5426 et
1330 5368 1485 5442 mancipiis
1502 5369 1565 5426 lieri
1583 5368 1707 5428 solebat.
1726 5371 1821 5428 biviua

1016 5442 1244 5513 eprovocations
1260 5441 1342 5514 Appii
1358 5441 1471 5498 Claudii
1491 5445 1556 5514 post
1571 5441 1667 5498 scelus
1688 5443 1818 5499 intanta-

995 5517 1057 5568 tum
1070 5511 1099 5568 in
1109 5512 1284 5581 virainiam
1297 5536 1311 5565 ο
1320 5511 1451 5585 Rapique
1460 5512 1489 5568 in
1498 5512 1748 5583 vinculasgentern
1755 5515 1823 5586 jure

996 5583 1151 5653 libertatis,
1167 5585 1217 5656 qui
1234 5585 1358 5641 liberum
1374 5601 1480 5657 corpus
1490 5584 1522 5641 in
1548 5585 1719 5642 servitutem
1736 5583 1820 5639 addi·

997 5657 1101 5726 risset,
1118 5678 1132 5706 υ
1147 5656 1200 5714 lib.
1216 5673 1259 5722 ur,
1274 5674 1300 5714 c.
1315 5658 1360 5722 55,
1377 5674 1466 5730 supra
1483 5672 1490 5712 :
1508 5681 1522 5708 ο
1539 5656 1680 5712 Divinitas
1703 5654 1820 5709 addicta

998 5727 1190 5795 conducitur3
1209 5750 1224 5778 υ
1240 5729 1274 5785 de
1289 5728 1509 5784 venditionibus
1519 5723 1820 5784 etlccationibus.Vo-

999 5815 1062 5858 cem
1077 5801 1137 5872 reqi
1151 5800 1228 5859 delet
1240 5800 1311 5858 Cod.
1327 5798 1411 5856 Fuld.
1426 5797 1499 5855 liav.
