4050 6186
749 323 802 388 ΙΙΧ
821 323 1094 390 teutonortuo
1114 324 1382 391 abendoniam

1846 335 1902 396 eos

214 473 258 526 eo,
275 472 342 514 oum
366 456 533 532 significare
546 457 726 514 voluerimus
749 473 804 515 nos
826 473 889 516 ιται
913 458 1077 534 ριορῑοεΑ
1129 461 1245 518 idest:

213 562 267 604 eeu
287 547 323 602 de
348 547 513 620 propinquo
529 546 601 604 vella
626 547 798 620 expendere,
814 547 935 618 agitare,
950 563 1039 620 argu-

214 641 313 693 menta
331 653 366 692 ex
389 637 429 692 rei
453 635 548 710 ipsius
572 641 688 705 natura,
705 653 762 694 non
786 636 969 693 extrinsecus
992 652 1039 692 as·

212 729 341 798 sumpto,
357 725 394 782 ad
420 725 629 782 infirmandam
653 723 779 798 alicujus
804 726 980 782 sententiam
996 725 1038 782 al·

212 814 297 870 lerre.

237 921 282 977 22.
299 921 337 978 aa
349 919 474 977 calcaria
487 920 523 974 ad
536 921 740 989 carbonariam,
756 922 828 976 tom.
846 919 894 986 ΙΙΙ,
911 917 962 975 ΙΙΙ).
978 919 1011 974 ale

398 992 486 1048 Carae
502 991 614 1059 Christo,
631 1010 696 1064 cap.
710 993 738 1061 6,
756 1010 785 1048 n.
800 993 845 1048 52.

247 1081 558 1138 perseuerauerunt
582 1079 703 1138 taberna
725 1085 779 1150 est,
797 1079 846 1137 nbi
862 1078 925 1138 calx
944 1095 1038 1136 asser-

209 1174 294 1225 vatur
318 1173 369 1226 aut
390 1169 535 1226 venditur.
551 1169 597 1226 Sic
610 1170 780 1226 carbonario
806 1187 823 1226 a
846 1169 1036 1226 nathonibus.

210 1257 286 1314 Usus
313 1259 379 1326 erit,
399 1275 491 1332 quum
517 1275 563 1314 rea
587 1259 707 1316 sordida
729 1263 781 1315 ant
806 1256 940 1326 molesta,
956 1274 1037 1330 equo

207 1347 326 1404 sordida
341 1351 391 1404 aut
415 1348 539 1406 molesto
562 1351 704 1404 mutatur.
720 1349 755 1404 st
770 1347 890 1421 elegans
918 1362 1035 1420 prover-

206 1435 289 1492 bium
305 1441 361 1507 eet,
377 1437 492 1509 quoties
507 1438 543 1493 de
565 1437 680 1510 impuro
701 1437 763 1494 loco
779 1437 814 1493 ed
831 1435 922 1493 nihilo
938 1435 1036 1510 puriu-

206 1541 269 1581 rem
285 1541 339 1582 nos
355 1525 529 1600 recipimns;
553 1543 619 1580 cum
646 1542 680 1581 ex
709 1542 768 1582 uno
797 1523 874 1580 malo
897 1524 928 1580 in
955 1523 1034 1579 aliud

206 1614 355 1671 diversum
380 1615 549 1672 incidimus.
566 1617 726 1687 Postquam
742 1613 943 1671 Tertullianus
958 1613 1035 1670 Mar-

207 1703 299 1760 uionis
316 1705 518 1777 respondisset
538 1704 748 1777 impurissima
770 1703 882 1771 baresi,
898 1703 932 1759 sd
947 1700 1034 1775 Apel-

204 1791 242 1849 lis
257 1794 463 1874 requeimpuri
478 1793 708 1850 confutationem
734 1807 797 1849 sesa
820 1791 955 1863 accingit.
971 1791 1034 1864 Non

207 1881 364 1938 absimile:
382 1883 401 1938 u
418 1881 513 1955 Scylla
529 1881 557 1937 in
574 1881 767 1954 Charybdim
784 1897 799 1936 e
815 1882 894 1936 lamo
910 1880 939 1936 in
955 1884 1036 1936 ttam-

206 1987 296 2027 mam.
310 1959 377 2026 nist
393 1973 469 2042 quod
494 1969 543 2027 illo
560 1969 714 2027 Proverbio
731 1969 865 2043 quadam
890 1967 1035 2026 malorum

205 2059 370 2131 diversitas,
387 2060 472 2132 quasi
497 2059 693 2132 repugnantia
717 2058 876 2132 significari
892 2058 1033 2129 videatur,

205 2149 248 2204 nti
265 2147 329 2204 calx
342 2153 371 2204 ct
384 2148 536 2216 carbones,
547 2149 660 2204 ratione
671 2147 886 2204 contrariorum
903 2145 1033 2204 colorum

204 2243 380 2309 repugnant.
398 2239 615 2310 Sumptumque
630 2242 674 2294 est
692 2237 727 2292 ab
744 2235 791 2308 iis,
808 2237 917 2309 quibus
933 2237 1032 2292 sordes

204 2326 322 2396 odioso,
339 2341 431 2396 neque
447 2326 530 2383 laeile
543 2326 680 2382 vestitum
697 2325 890 2382 contaminari
908 2325 965 2380 sibi
980 2340 1031 2397 pa·

203 2414 330 2481 tiuntur,
346 2415 423 2487 qnod
441 2415 531 2487 fuligo
548 2421 706 2487 utrumque
722 2413 823 2470 elficit.

202 2521 248 2576 23.
266 2520 375 2593 Campos
389 2523 446 2578 suis
460 2521 624 2648 ditiuudege,
639 2525 715 2648 1οιὲιὁ
726 2522 757 2590 ΙΙ,
773 2519 823 2576 lib.
839 2519 872 2577 dc
885 2521 1028 2589 Trinitate,

505 2609 569 2666 cap.
605 2610 661 2662 ‚n.
719 2635 725 2648 .

238 2679 313 2750 liae,
338 2680 415 2737 inter
437 2697 468 2738 ee
493 2683 614 2753 opponit
638 2681 817 2738 Novatianus
842 2697 849 2736 :
874 2681 950 2736 lutra
973 2685 1030 2740 aas

200 2771 322 2842 corporis
337 2771 426 2826 nostri
446 2771 613 2827 tinearuutn
639 2771 748 2827 modum
774 2773 822 2824 aut
844 2769 963 2840 figuram
979 2771 1028 2826 di-

199 2861 275 2916 cium
287 2859 440 2932 majestatis
456 2859 614 2928 includere;
630 2861 655 2914 et
673 2862 731 2915 suia
747 2860 826 2914 illam
839 2859 1029 2918 interminatas

199 2947 403 3020 magnitudinis
417 2949 521 3021 campio
544 2951 604 3005 cirre
619 2949 677 3005 utto
701 2949 756 3019 fine
771 2947 939 3020 diffundere.
954 2951 1028 3004 Nota

199 3045 269 3096 sunt
284 3037 424 3112 patientia
438 3053 556 3110 aequora
567 3053 738 3111 camporum
755 3042 784 3093 st
798 3037 1026 3110 immensitates,

198 3126 230 3183 in
245 3127 362 3199 propria
377 3127 456 3182 vocis
471 3126 694 3198 significatione.
710 3127 745 3181 ΙΙΙ
760 3124 831 3181 illud
848 3124 949 3198 Virgil.
964 3145 971 3183 ι

400 3233 508 3294 Equites
523 3234 660 3294 Messapus
674 3233 702 3281 iu
719 3233 809 3290 armis,

276 3293 308 3344 st
322 3307 382 3344 eum
397 3295 477 3345 iratrs
494 3296 583 3354 Corsa,
598 3295 657 3344 tatis
672 3294 817 3360 diffundite
828 3294 935 3359 campis.

198 3399 273 3455 ΙΙατοΙ
283 3401 333 3471 τὴν
351 3399 502 3476 μεταφορὰν
519 3400 599 3457 haec:
617 3401 774 3458 Rhetnrutn
789 3403 905 3476 campi:
922 3403 954 3459 In
970 3401 1024 3459 sli-

199 3505 257 3561 qno
272 3505 376 3564 campo
389 3491 538 3548 Oratorem
555 3490 662 3547 versari
680 3507 686 3546 τ
708 3495 747 3546 Ει
771 3491 880 3562 ingenti
895 3492 1022 3564 quodam

198 3579 403 3652 immensoque
428 3595 530 3652 campo
551 3579 581 3635 in
595 3580 733 3652 exiguum
749 3596 853 3654 gyrum
877 3585 1022 3638 oratorem

198 3667 386 3740 compellere:
403 3672 431 3725 st
447 3685 453 3722 ε
470 3667 536 3723 linc
560 3667 738 3725 latissimum
754 3669 869 3725 dicendi
884 3685 1022 3741 campum

199 3756 306 3812 rhetori
324 3757 400 3812 m
418 3756 513 3812 solent
527 3758 648 3828 aperire.
666 3758 703 3813 En
720 3757 828 3829 quibus
843 3761 872 3814 et
892 3757 980 3830 hujus
996 3767 1022 3815 et

198 3846 348 3918 sequentis
363 3845 507 3918 proverbii
524 3863 596 3902 usus
615 3850 701 3916 patet.

214 3953 259 4008 et.
277 3952 394 4026 Campus
409 3955 488 4025 susas
502 3955 528 4009 ct
543 3952 649 4078 latuqza
668 3951 766 4018 oritur,
780 3950 862 4019 leid,
878 3967 942 4024 cap.
957 3951 1003 4021 28,

551 4040 581 4078 ιι.
658 4063 664 4078 .

233 4113 284 4170 Cui
300 4112 490 4180 contrarium,
502 4128 560 4168 non
576 4110 684 4166 habere
699 4110 772 4166 satis
788 4127 928 4184 magnum
944 4129 1021 4169 cam·

196 4218 266 4275 pum
283 4201 312 4257 in
329 4218 387 4274 quo
401 4205 544 4272 versetur,
557 4200 634 4273 apud
650 4199 829 4256 Ciceronem.
843 4201 1021 4258 Novatiauus

196 4290 283 4347 etiam
300 4290 370 4347 alibi
386 4291 488 4348 eodem
504 4291 598 4346 libro:
614 4312 624 4340 ι
640 4291 705 4344 itero
720 4286 847 4344 breviter
861 4289 921 4345 sint
936 4290 1020 4346 nobis

196 4379 275 4434 dicta
289 4383 318 4434 et
332 4378 457 4434 strictim
473 4377 577 4450 posita,
593 4380 622 4434 et
644 4392 700 4433 non
718 4374 806 4448 longa
821 4375 1021 4446 disputatione

194 4470 338 4538 porrecta.
355 4467 455 4522 Latius
478 4467 557 4523 euim
583 4468 742 4538 potuerunt
764 4463 882 4537 porrigi,
899 4470 927 4522 et
950 4483 1019 4539 pro·

195 4556 330 4626 pensiore
344 4555 544 4628 disputatione
560 4554 692 4628 produci.
707 4575 721 4603 ν

194 4661 240 4716 25.
258 4659 366 4733 Capitis
384 4662 535 4735 supercitia
554 4661 638 4732 toqui,
654 4665 726 4717 tom.
743 4659 790 4727 ΙΙΙ,
806 4659 857 4718 lib.
877 4661 938 4718 ado.
955 4665 1018 4720 ller.

291 4775 292 4780 ι
443 4750 514 4805 moq.
531 4750 595 4805 cap.
610 4734 655 4802 27,
673 4749 701 4788 n.
717 4732 764 4788 et.

231 4821 262 4877 ln
281 4823 439 4894 superciliis
462 4826 581 4879 notatur
596 4821 698 4892 laetus,
714 4837 773 4892 qua
787 4825 871 4894 parte
893 4826 945 4879 aut
967 4838 1020 4880 ne·

193 4925 300 4984 gemus
323 4917 375 4967 aut
400 4907 551 4967 nouimus.
578 4909 660 4965 Haud
691 4909 779 4966 dubie
804 4914 957 4968 mutuatus
981 4911 1019 4968 ab

195 5000 319 5056 ltomero
329 4998 401 5054 illud
412 5002 457 5056 est
468 4995 588 5055 Tenuit.
599 4997 692 5055 illisd.
702 5016 728 5054 α.
738 4997 838 5055 Thetis
849 4999 885 5055 ad
896 4999 996 5057 lovem
1010 5015 1017 5056 ι

265 5101 453 5190 Νημερτέςιδή
462 5125 520 5226 ίῘιοι
537 5103 673 5188 batque,
684 5104 728 5158 καὶ
742 5100 917 5159 κατάνευσον.

258 5177 333 5228 ltend
348 5177 460 5228 dnbrtao
481 5191 498 5226 a
511 5176 576 5225 mrhr
590 5180 714 5240 promitte
728 5180 809 5241 atque
826 5189 927 5226 annue.

193 5277 361 5346 Respondet
374 5275 492 5347 tupiter
507 5290 513 5330 :

195 5377 228 5436 ΙΙΙ
243 5375 267 5433 δ’
282 5379 331 5454 ἄγε
345 5401 387 5435 τοι
402 5399 432 5435 κε
455 5375 509 5452 αλῇ
524 5376 732 5450 κατανεύσομαι,
746 5370 816 5453 ’όφρα
831 5373 981 5449 πεποΙθῃς;

194 5455 282 5508 Τοῦτο
297 5452 348 5526 γὰρ
365 5451 390 5522 ἐξ
406 5451 417 5505 ὲ
455 5451 498 5505 θεν
513 5469 546 5521 γε
560 5449 617 5520 μετΙ
633 5448 788 5503 ἀθανάτοισι
806 5447 932 5538 pulmones

194 5524 320 5598 Τεκμωρ·
339 5522 372 5576 οὐ
386 5523 436 5599 γὰρ
452 5520 516 5594 ἐμὸν
531 5519 737 5595 παλινάγρετον,
756 5515 802 5573 οὐδ
828 5515 980 5590 ἀπατηλὸν,

195 5591 260 5652 Οὐδ’
276 5592 453 5666 ἀτελεύτητον
469 5597 498 5724 ἴ
512 5591 567 5647 ὅτι
581 5611 625 5646 κεν
641 5587 746 5668 aequitio
761 5589 927 5648 κατανεύσω.

195 5667 241 5739 Ἦ,
256 5665 301 5723 καὶ
316 5667 454 5742 κυανὲῃσιν
484 5665 512 5720 π’
527 5663 624 5743 ὀφρύσι
638 5667 713 5720 νεῦσε
727 5645 860 5740 ΙΙρονΙων.

1094 567 1239 620 annotabo
1252 566 1302 616 tibt
1315 566 1410 631 eapite,
1427 568 1457 616 ut
1477 566 1545 617 bene
1559 565 1611 616 dda
1624 567 1757 632 quiescam

1093 633 1148 682 ttoc
1162 631 1183 680 ri
1198 630 1306 694 quidem
1321 643 1448 690 magnum
1461 633 1501 680 est
1515 628 1557 678 dis
1569 643 1629 680 oum
1644 631 1901 688 immortalibusame

1091 694 1234 753 tudinium,
1249 706 1336 756 nsque
1351 693 1422 742 enim
1437 691 1587 741 revocabile
1602 693 1647 753 mi,
1663 707 1748 757 nequa
1763 693 1848 754 latter.

1092 756 1222 820 Quodque
1236 755 1284 805 tibi
1299 756 1384 818 capite
1399 756 1546 814 annotabo,
1562 768 1649 818 neque
1664 755 1853 820 improtectum.

1093 820 1167 870 Dicta
1181 817 1328 882 superciliis
1341 817 1482 868 Saturnine
1495 817 1593 868 annuit
1605 818 1679 868 atria.

1128 924 1209 981 Unde
1225 923 1347 994 Plinius,
1363 921 1413 980 lib.
1427 940 1447 992 1,
1463 922 1549 996 epist.
1565 923 1600 979 ad
1624 923 1764 981 Octauium
1788 928 1903 999 basum:

1061 989 1163 1070 ’vido
1190 1015 1220 1070 in
1241 1029 1300 1086 qno
1326 1029 1373 1069 me
1397 1011 1515 1085 lastigie
1542 1012 1706 1080 collocaris,
1722 1031 1812 1087 quum
1838 1017 1903 1072 mibi

1090 1105 1168 1162 idem
1197 1103 1366 1182 potestatis,
1396 1103 1534 1178 idemque
1561 1104 1643 1178 regni
1673 1106 1806 1175 dederis,
1833 1109 1903 1182 qnod

1091 1195 1235 1251 Homerus
1249 1191 1324 1250 lovi.

1090 1319 1146 1392 its'p
1160 1316 1184 1374 δ’
1196 1315 1287 1394 ἕτερον
1303 1319 1350 1404 μὲν
1365 1311 1450 1373 ἐ’δωκε
1464 1319 1564 1393 πατὴρ,
1579 1315 1670 1396 ἕτερον
1686 1317 1710 1376 δ’
1726 1317 1868 1378 mironem.

1090 1393 1177 1442 Unam
1193 1396 1324 1442 concessit
1337 1395 1400 1442 roto
1414 1395 1499 1455 pater,
1515 1392 1610 1442 abnuit
1624 1407 1721 1444 unum.

1090 1499 1163 1556 Nam
1179 1513 1360 1571 egoquoqus
1374 1496 1464 1554 simili
1480 1503 1553 1554 nutu
1570 1515 1603 1555 ae
1619 1502 1727 1555 renutu
1743 1499 1910 1571 respondere

1089 1593 1156 1644 voto
1170 1592 1221 1643 tuo
1236 1603 1368 1659 possum.
1383 1591 1445 1644 Huc
1460 1586 1604 1660 pertinere
1620 1604 1680 1644 non
1697 1591 1808 1644 temere
1822 1587 1910 1643 existi·

1090 1693 1166 1734 mem
1184 1692 1190 1733 :
1206 1677 1375 1733 censorium
1391 1677 1581 1748 supercilium.
1597 1677 1683 1750 quasi
1700 1677 1752 1749 qui
1772 1675 1910 1748 supercilio

1089 1765 1152 1826 solo
1177 1764 1222 1822 vel
1246 1765 1438 1832 damnet,ch
1464 1767 1579 1838 probet,
1604 1767 1683 1840 qnod
1709 1765 1760 1824 alii
1785 1765 1909 1822 tetricam

1050 1850 1074 1916 B
1089 1856 1270 1913 severitatem
1285 1854 1525 1926 interpretantur.

1089 1965 1134 2019 211.
1150 1961 1337 2019 Cuttorticum
1351 1960 1427 2030 dare,
1445 1962 1557 2090 Ιοειῇἶ,
1572 1961 1624 2018 tib.
1640 1962 1676 2020 de
1691 1962 1795 2034 Pallio,
1810 1977 1873 2034 asp.
1886 1959 1913 2030 5,

1444 2050 1473 2088 n.
1549 2075 1556 2090 .

1124 2121 1289 2198 Καθαρτικὸν
1318 2118 1336 2190 ἢ
1365 2121 1545 2196 καθαρτήριον
1575 2121 1743 2199 φάρμακον,
1773 2117 1791 2189 ἢ
1818 2117 1915 2194 κάθαρ-

1088 2233 1140 2280 σις,
1157 2211 1403 2270 medicamentum
1418 2211 1621 2278 ventrissuum‚
1638 2211 1702 2268 sive
1723 2211 1802 2284 quod
1822 2209 1915 2266 alvum

1087 2301 1195 2372 dejicit.
1212 2301 1284 2357 Hinc
1301 2295 1441 2368 ὑπήλατον
1457 2299 1569 2356 dictum
1585 2299 1772 2374 Hippocrati.
1789 2297 1917 2370 Explicat

1085 2407 1117 2446 se
1132 2388 1252 2446 Tertull.
1264 2405 1270 2445 :
1283 2387 1413 2445 Serraoru
1424 2403 1467 2446 me
1479 2390 1597 2445 suasisti
1609 2388 1800 2446 medicamine
1813 2387 1916 2459 sapien·

1084 2480 1188 2537 tr'ssimo
1203 2494 1213 2535 .·
1228 2493 1262 2534 ex
1276 2492 1370 2550 greco
1387 2475 1502 2532 senario
1520 2491 1528 2532 ε

1172 2584 1254 2659 Λόγῳ
1271 2583 1299 2656 μ’
1314 2579 1421 2644 instans
1436 2579 1573 2659 φαρμάκῳ
1587 2582 1756 2660 σοφωτάτῳ.

1084 2694 1235 2766 Καθαιροῦν
1260 2695 1306 2748 eat
1329 2689 1455 2748 lustrare
1471 2695 1500 2748 st
1514 2690 1644 2763 expiere.
1661 2691 1700 2748 nd
1718 2690 1798 2762 qnod
1815 2685 1919 2746 alludit

1083 2783 1180 2839 Horat.
1196 2779 1248 2837 lib.
1265 2797 1285 2846 1,
1301 2778 1387 2851 epist.
1404 2779 1429 2847 1,
1445 2778 1570 2852 loquens
1586 2778 1721 2836 devitiis
1738 2777 1832 2836 enimi
1850 2792 1857 2832 ι

1113 2898 1182 2948 Sunt
1195 2896 1277 2947 verba
1292 2898 1319 2945 et
1331 2907 1421 2953 voees,
1436 2895 1535 2960 quibus
1550 2894 1623 2945 hune
1636 2894 1728 2946 tenire
1747 2893 1872 2946 dolorem

1112 2960 1213 3022 Possis,
1227 2963 1254 3010 st
1267 2958 1352 3008 morbi
1369 2971 1495 3022 magnam
1509 2956 1644 3022 depellare
1659 2961 1781 3023 partem.

1081 3059 1116 3114 nt
1128 3075 1135 3113 :

1301 3167 1366 3214 sunt
1379 3167 1451 3214 certa
1468 3161 1585 3226 piacula.
1601 3175 1662 3228 quaa
1678 3165 1708 3213 te

1037 3217 1059 3286 C
1108 3200 1160 3279 Ἰει
1172 3199 1322 3292 paralacto
1338 3230 1484 3290 potuerunt
1497 3239 1618 3276 recreare
1634 3225 1741 3277 libello.

1114 3341 1175 3392 ilua
1190 3333 1326 3410 pertinet,
1341 3333 1475 3390 Elleboro
1491 3349 1624 3404 purgare,
1640 3337 1670 3390 et
1685 3331 1815 3390 similia.

1112 3462 1158 3518 27.
1176 3460 1275 3517 Catone
1289 3459 1444 3531 sapientior
1458 3460 1485 3513 et
1502 3457 1624 3528 grauior,
1642 3464 1718 3514 tom.
1738 3458 1752 3514 1
1768 3457 1884 3532 Apatop.

1361 3545 1426 3601 cap.
1444 3529 1488 3599 tt,
1509 3545 1538 3584 n.
1557 3528 1618 3584 173.

1112 3621 1214 3677 Catum
1231 3618 1332 3676 Sabini
1357 3622 1477 3674 scutum
1502 3616 1651 3688 dixerunt,
1668 3617 1759 3674 unde
1784 3615 1922 3674 damnum

1077 3727 1195 3768 nomen.
1211 3709 1306 3780 Hujus
1325 3713 1423 3764 antem
1441 3707 1564 3776 Catonis,
1581 3705 1658 3778 apud
1684 3705 1818 3762 Tertull.
1833 3703 1922 3778 primi

1076 3809 1104 3857 et
1117 3797 1257 3868 censorii,
1271 3795 1399 3870 elogium
1422 3795 1512 3851 babes
1528 3793 1606 3868 apud
1623 3792 1765 3850 Plinium
1786 3794 1855 3862 lib.,
1870 3809 1923 3860 ιιιι,

1077 3907 1139 3964 cap.
1155 3891 1206 3956 27;
1222 3889 1297 3946 W
1324 3891 1353 3942 et
1377 3886 1455 3959 apud
1480 3885 1609 3942 Ciceron.
1625 3885 1678 3941 lib.
1698 3885 1737 3942 de
1763 3887 1857 3942 Amic.
1873 3883 1924 3939 ubi

1076 3981 1112 4036 de
1128 3981 1231 4036 Catone
1255 3975 1360 4033 Latius
1377 3993 1383 4031 :
1400 3977 1457 4030 Aut
1481 3974 1560 4030 euim
1586 3989 1685 4043 nemo,
1704 3978 1763 4031 aut
1787 3973 1814 4030 si
1841 3971 1924 4047 qnis-

1076 4083 1177 4142 quam,
1193 4065 1242 4122 iile
1267 4064 1385 4138 sapiens
1410 4062 1473 4119 luit
1498 4063 1533 4118 Et
1558 4063 1588 4117 in
1605 4061 1657 4118 lib.
1674 4061 1714 4119 ds
1740 4061 1858 4121 Semel.
1874 4059 1925 4134 qui

1075 4159 1186 4216 Catonis
1200 4154 1291 4226 hujus
1306 4153 1425 4209 nomina
1439 4149 1622 4208 inscribitur.

1096 4264 1142 4320 28.
1159 4255 1647 4384 daucumabruptior‚1tom.1tglib.
1664 4255 1688 4330 Ι,
1707 4257 1778 4316 adu.
1797 4261 1902 4325 Uarr..

1377 4347 1440 4402 cap.
1476 4346 1535 4400 ‚n.
1589 4369 1595 4383 .

1110 4421 1269 4490 Caucasus,
1290 4434 1375 4474 moos
1398 4417 1522 4490 Scythia
1547 4414 1755 4489 vastissimus,
1773 4417 1879 4489 cujus,
1895 4417 1929 4472 ut

1075 4511 1116 4568 uit
1138 4509 1212 4566 Ptin.
1230 4508 1280 4564 lib.
1296 4525 1335 4577 νι,
1352 4523 1416 4579 cap.
1432 4508 1460 4573 5,
1472 4507 1545 4578 juga
1560 4504 1588 4560 in
1605 4502 1747 4562 colchica
1774 4507 1866 4564 Ponti
1883 4519 1930 4560 re·

1034 4579 1057 4642 Ι]
1073 4601 1159 4674 gions
1175 4598 1210 4654 ad
1228 4596 1362 4670 Ripheos
1376 4597 1491 4651 montes
1506 4597 1691 4667 torquentur,
1710 4593 1817 4652 altero
1831 4593 1930 4652 latera

1073 4687 1102 4743 in
1118 4685 1264 4742 Euxinum
1280 4688 1308 4742 et
1332 4682 1456 4740 Maeotim
1475 4680 1701 4752 deversantem
1720 4683 1755 4740 in
1775 4683 1927 4756 Caspium

1073 4781 1103 4833 et
1129 4775 1307 4847 Hyrcanium
1338 4788 1435 4844 mars,
1463 4770 1553 4828 variis
1586 4767 1770 4829 nominibus
1802 4773 1930 4830 vanarn.

1072 4862 1200 4932 AEueid„
1218 4861 1275 4918 1v:

1277 4957 1355 5008 Duris
1371 4957 1465 5022 genuit
1477 4961 1504 5007 te
1517 4956 1642 5006 cautibus
1659 4955 1790 5009 horrens

1153 5023 1289 5084 Caucasea,
1306 5023 1499 5085 Hyrcanaque,
1514 5023 1565 5070 etc.

1108 5131 1221 5196 Quibus
1235 5127 1332 5186 verbio
1346 5127 1493 5199 abruptum
1513 5123 1683 5198 explicatur.
1700 5123 1738 5180 ln
1758 5125 1935 5186 hominem

1073 5221 1270 5294 agrestem,et
1281 5213 1627 5284 durum,intractabilem
1638 5218 1667 5270 et
1677 5211 1936 5290 inhospitalem.

1072 5329 1117 5382 29.
1134 5324 1281 5383 Cerebrum
1296 5321 1339 5378 vet
1362 5307 1410 5376 aar·
1433 5335 1489 5377 nou
1513 5319 1622 5388 babere,
1639 5323 1708 5376 tom.
1729 5319 1791 5388 ΙΙΙ,
1810 5321 1872 5380 lib.
1890 5339 1936 5392 ιν,

1258 5394 1329 5450 odo.
1348 5395 1447 5459 tlara,
1462 5408 1527 5464 oap.
1543 5392 1587 5458 10,
1603 5408 1633 5446 ιι.
1650 5391 1710 5446 118.

1108 5477 1938 5554 lnborninissuebraepiritunmritaliumreceptaculo,

1072 5589 1211 5646 supreme
1225 5575 1255 5628 et
1277 5570 1362 5642 quasi
1379 5571 1459 5641 regia
1474 5569 1597 5626 rationis
1612 5572 1769 5640 potestas;
1790 5570 1829 5628 in
1848 5574 1943 5632 corde

1071 5665 1152 5718 totus
1167 5661 1230 5734 ipse
1246 5657 1309 5716 vita
1324 5659 1389 5717 tans
1404 5662 1432 5716 et
1447 5657 1598 5732 sapienties
1613 5656 1709 5714 sedes.
1722 5653 1816 5716 Hine
1829 5677 1943 5719 vecor-
