4096 6180
181 316 243 378 eoa
634 317 671 380 o.
693 317 744 380 ue
764 314 931 380 nooaas
951 267 1281 380 enecavertouss
1303 315 1437 378 nova.
1827 314 1888 378 aio

182 446 385 504 Tertullianus
399 447 534 520 quadam
549 447 606 505 alic
620 448 651 505 in
666 447 740 506 libro
755 449 866 518 citavit,
882 453 911 505 st
922 448 1008 522 plura
1021 451 1047 520 Α
1063 451 1124 504 tam
1140 447 1272 504 omnium
1287 448 1557 520 manuscriptorum
1581 447 1787 520 editorumque
1806 447 1886 504 codi-

183 537 358 610 cyprianus,
374 541 462 608 atque
477 529 565 593 etiam
581 541 684 610 postca
707 537 888 609 Lactantius,
908 543 942 594 ut
954 553 1009 595 suo
1064 553 1131 593 oum
1146 536 1235 602 fidem
1251 537 1423 608 particulam
1438 539 1487 610 qai
1502 555 1554 610 pro
1568 553 1646 610 quos,
1659 555 1691 594 ao
1701 537 1806 594 deinde
1816 553 1885 609 quos

183 626 247 683 loco
262 643 280 682 a
294 624 379 682 uobis
401 627 634 682 demonstratum
665 629 710 683 cst
736 627 839 698 (idem,
867 627 931 683 cdv.
959 628 1008 683 lu·
1063 642 1115 697 pro
1130 640 1193 698 qua
1208 625 1297 682 scribi
1313 625 1393 682 nulla
1407 631 1505 682 tamen
1520 626 1637 682 reddita
1655 623 1767 682 ratione
1782 625 1884 684 voluit.

182 715 265 781 deor,
280 731 344 787 osp.
361 713 634 788 12;oyprian.lib.
651 732 660 771 1
676 715 738 771 odo.
763 716 827 772 luel.
846 719 860 785 §
875 717 920 786 11,
940 731 1007 788 pag.
1062 714 1207 771 Lubenter
1222 718 1321 772 tamen
1336 714 1496 772 fatebimur
1509 732 1567 772 non
1591 716 1711 772 omnino
1736 715 1882 774 infelicem
1926 747 1929 756 λ

183 807 241 875 23;
261 807 406 862 decertet.
423 807 455 862 ta
468 807 594 862 lacteat.
611 822 676 879 esp.
692 805 738 874 lt),
754 809 810 862 art.
827 807 865 878 lt.
1062 802 1153 858 videri
1167 803 1244 860 hauc
1261 805 1470 875 conjecturam,
1489 805 1540 861 sed
1565 805 1594 861 id
1619 804 1646 860 ei
1669 804 1781 873 deesse,
1807 805 1885 876 quod

220 894 395 953 Christianis
414 895 515 967 itaque
529 899 670 967 tanquam
692 896 722 950 in
743 895 911 952 Judaorum
934 893 1008 967 oleo,
1063 889 1176 948 nullius
1191 891 1277 964 plane
1293 892 1401 949 codicis
1423 894 1595 950 auctoritate
1619 893 1760 950 firmatur.
1780 895 1816 950 st
1831 895 1885 950 He-

183 989 216 1041 ut
231 985 327 1041 adhuc
346 983 478 1056 loquitor
490 982 700 1052 Tertullianus,
715 999 751 1040 ae
767 984 890 1042 oleastro
903 985 1007 1051 insitis,
1063 978 1175 1052 raldus,
1190 981 1330 1038 audacior
1345 987 1447 1054 postea
1468 983 1573 1052 laotos,
1596 983 1626 1039 iu
1649 981 1729 1039 verbi
1752 984 1885 1054 prodacto

182 1079 272 1146 atque
287 1072 432 1129 incorum
453 1072 551 1128 locum
577 1071 720 1142 suffectis,
749 1073 917 1131 communis
947 1071 1008 1130 illis
1062 1068 1159 1126 locum
1178 1069 1601 1142 suspicatursubstituendum
1620 1072 1758 1145 prodacto.
1785 1073 1884 1140 idest,

183 1164 278 1220 lactus
298 1167 425 1219 sstcum
446 1160 551 1218 iisdem
577 1160 687 1218 rudeis
715 1176 868 1218 sacrarum
896 1160 1008 1218 Veteris
1062 1165 1261 1230 consumptoet
1285 1167 1407 1230 paramo.
1437 1161 1526 1218 Suam
1552 1177 1620 1218 vero
1650 1162 1884 1218 emendationem

183 1249 363 1308 Testamenti
387 1250 606 1322 scripturarum
634 1249 794 1306 thesaurus
822 1249 954 1322 (Tertull.
976 1249 1009 1307 de
1063 1246 1188 1318 probare
1202 1252 1325 1304 conatur
1339 1247 1404 1304 aliis
1418 1248 1594 1306 Tertulliani
1607 1249 1691 1317 iocis,
1718 1250 1767 1307 ubi
1782 1251 1884 1307 eadem

184 1340 295 1398 Teeim.
310 1340 399 1396 onim.
414 1355 478 1410 cap.
494 1338 533 1406 5).
550 1338 636 1394 Prius
647 1342 744 1394 autem
760 1345 881 1396 sanctus
896 1343 1009 1409 martyr
1062 1334 1277 1406 significatione
1294 1337 1459 1408 productam
1473 1337 1589 1412 legitur.
1605 1339 1661 1394 Sed
1675 1343 1789 1410 poterat
1804 1339 1884 1396 iesu·

179 1428 321 1486 Justinus
340 1433 543 1485 asseveranter
567 1427 765 1485 affirmaverat
787 1427 952 1493 doctrinam
976 1428 1007 1485 in
1062 1439 1114 1495 por
1128 1424 1266 1496 quintum
1282 1425 1456 1482 Tertulliani
1472 1427 1564 1484 nostri
1585 1432 1686 1484 contra
1708 1427 1884 1484 Marcionem

181 1516 277 1574 sacris
290 1516 403 1573 Veteris
419 1515 599 1575 Testamenti
615 1515 776 1588 Scripturis
790 1516 930 1573 traditam
942 1532 1006 1589 per·
1061 1508 1170 1567 librom
1187 1511 1286 1580 citare,
1304 1513 1354 1570 ubi
1370 1515 1472 1571 eodem
1488 1516 1575 1572 verbo
1591 1515 1727 1573 similiter
1741 1533 1813 1573 usus
1828 1521 1883 1574 est.

181 1605 279 1662 tinem
293 1605 329 1662 ad
349 1603 542 1672 Christianos,
564 1604 600 1660 ad
627 1620 702 1676 quos
730 1621 788 1661 non
817 1606 881 1662 sino
909 1605 1008 1662 divina
1061 1595 1170 1653 Verum
1184 1599 1255 1670 quid
1271 1599 1362 1656 facias
1378 1605 1479 1658 contra
1494 1603 1627 1660 codicum
1644 1603 1776 1661 omnium
1791 1603 1882 1661 rebla·

182 1693 418 1768 providentiaab
446 1689 567 1766 ipismel
590 1692 701 1750 Judaeis
727 1693 908 1751 transmisse
936 1698 1007 1752 sunt
1062 1685 1234 1758 mulionem,
1250 1693 1279 1744 ol
1308 1687 1357 1745 ubi
1384 1695 1486 1747 auctor
1513 1690 1640 1748 barbara
1666 1695 1696 1748 al
1723 1693 1885 1766 impropria

180 1782 304 1854 (lustin.
321 1781 431 1839 Cohort.
447 1781 482 1838 od
495 1789 570 1853 pent.
587 1797 654 1854 pag.
672 1782 726 1851 tt).
1022 1773 1150 1892 Bverba
1163 1774 1305 1833 adhibet?
1325 1777 1498 1852 Quicunque
1523 1785 1620 1838 autem
1647 1782 1741 1846 luerit,
1758 1783 1823 1855 ejus
1838 1781 1884 1839 lo·

218 1871 358 1938 Quamvis
373 1875 470 1928 autem
485 1869 595 1928 iudeis
609 1875 639 1927 et
650 1869 1007 1930 Christianisoommunes
1060 1863 1171 1934 diffindi
1186 1865 1303 1933 modus·
1320 1883 1354 1923 00
1374 1873 1473 1941 operit
1496 1868 1644 1942 significat
1667 1870 1770 1928 mundi
1795 1871 1883 1930 finem

181 1960 211 2016 hi
227 1959 296 2016 libri
312 1959 382 2017 iacti
396 1959 467 2027 siut,
483 1975 541 2016 uon
557 1958 625 2016 inde
637 1963 736 2017 tamen
749 1959 882 2032 sequitur
892 1961 929 2017 ab
940 1961 1007 2018 istis
1061 1956 1091 2009 el
1105 1952 1214 2010 ullum
1231 1953 1323 2026 (idem
1339 1955 1390 2013 lib·
1406 1975 1422 2013 v
1437 1957 1545 2016 oluere.
1560 1959 1704 2031 liertiae„
1719 1976 1784 2033 oap.
1799 1961 1839 2032 6).

179 2048 272 2122 recipi
288 2047 426 2107 debuisse
440 2064 543 2105 omnes
558 2047 588 2103 in
611 2047 692 2105 hisce
715 2046 800 2106 libris
820 2049 1006 2123 prescriptos
1095 2042 1132 2096 At
1146 2042 1285 2116 appellati
1301 2044 1337 2100 ⁸¹³
1352 2061 1386 2101 0⁰
1401 2045 1532 2119 intissnflfl
1548 2047 1883 2120 Pititiessil'ffliliitvirl

179 2138 269 2194 ritus.
285 2143 356 2194 Nam
373 2137 474 2211 plures
484 2138 552 2210 iure
566 2137 671 2194 merito
686 2137 820 2196 Christus
845 2138 1006 2211 abrogavit,
1061 2145 1120 2187 non
1136 2130 1232 2188 solum
1245 2133 1450 2204 precessores,
1466 2135 1544 2192 sicut
1557 2134 1607 2193 ille
1622 2137 1672 2205 ait,
1689 2137 1820 2208 luerunt,
1831 2139 1882 2195 sed

181 2227 434 2300 quemadmodum
450 2226 586 2295 Sabbata,
603 2225 665 2282 dies
683 2226 782 2296 lestos,
806 2225 1006 2284 circumcisio·
1060 2217 1151 2283 stiam
1165 2220 1303 2292 PVPPMP
1317 2223 1354 2278 ὅθ
1368 2224 1461 2296 θῖῥθῑθ
1474 2225 1629 2296 Prael‘ltt‘it‘e
1646 2224 1706 2282 iiie
1720 2227 1819 2282 fllium
1834 2242 1884 2282 δῦ·

181 2332 263 2383 nam,
278 2320 307 2373 at
321 2315 539 2386 hujuscemodi,
554 2331 617 2388 que
634 2315 801 2372 carnalibus
811 2316 921 2373 Judeis
934 2334 1006 2389 pra·

181 2404 296 2478 scripta
314 2405 444 2461 luerunt.
459 2403 532 2460 Nam
548 2403 724 2460 haecomnia
748 2405 861 2461 umbrae
882 2411 966 2462 erant
979 2410 1009 2462 et

179 2493 390 2568 ligura,acin
410 2495 529 2566 siguum
559 2494 636 2563 data,
666 2509 743 2566 qus,
772 2493 815 2549 uti
844 2492 1008 2552 luculenter

179 2580 381 2639 Tertullianus
396 2581 454 2638 alio
469 2582 498 2638 in
514 2581 589 2638 libro
612 2581 804 2653 domonstrat,
820 2583 961 2654 veritatis,
977 2583 1007 2639 id

179 2675 230 2728 est
243 2670 351 2728 Christi
366 2671 493 2726 adventu
513 2671 660 2727 debebant
682 2686 854 2727 evanescere
877 2677 906 2727 et
930 2671 1007 2728 anti·

1062 2307 1230 2380 nuntiandi,
1265 2319 1397 2368 oocoatcr
1430 2313 1615 2384 (Tertullian.
1651 2315 1789 2386 lpolcpet.
1817 2331 1882 2388 cap.

1064 2396 1277 2468 separatores
1304 2402 1429 2468 virtuter,
1460 2402 1521 2458 sive
1551 2401 1702 2470 miracula,
1727 2403 1764 2458 ad
1794 2403 1882 2460 odom

1060 2483 1217 2542 diuinitatis
1232 2486 1437 2546 stabiliendam
1454 2490 1618 2548 ediderunt.
1634 2491 1765 2564 Denique
1775 2491 1884 2564 Spiritu

1061 2582 1160 2638 diuino
1178 2583 1318 2653 inundati,
1334 2587 1400 2658 ipss
1413 2585 1509 2644 adbuc
1525 2587 1603 2644 illius
1619 2590 1705 2645 verba
1731 2593 1812 2658 sunt,
1828 2591 1884 2648 hou

1061 2675 1105 2726 est
1120 2671 1161 2726 ita
1174 2671 1252 2744 pleni
1269 2680 1362 2740 arant,
1379 2683 1410 2730 ut
1425 2681 1504 2732 satra
1520 2677 1599 2748 ipsos
1609 2679 1883 2736 eitluoretetetlun·

178 2759 270 2832 quari
285 2756 419 2832 (Tertull.
430 2757 492 2814 edu.
504 2757 566 2815 lud.
579 2774 642 2829 cap.
659 2759 676 2814 3
691 2762 721 2814 st
736 2759 774 2830 l).
1061 2758 1189 2818 deretur.

219 2845 383 2903 Christiana
398 2845 497 2918 itaque
511 2845 623 2918 religio,
644 2846 699 2902 etsi
723 2851 863 2920 regnante
890 2847 1006 2906 Tiberio
1096 2848 1164 2912 Qua
1181 2854 1277 2906 autem
1298 2852 1335 2908 ab
1358 2852 1401 2910 eis
1426 2853 1584 2922 mirabilia,
1605 2859 1634 2912 et
1659 2873 1749 2930 supra
1772 2864 1883 2916 natura

178 2937 359 3009 imperatore
374 2935 404 2990 in
429 2936 576 2992 mundum
599 2951 617 2990 a
639 2934 755 2991 Christo
779 2934 958 3003 introducta,
975 2937 1005 2993 in
1061 2936 1193 2995 ordinem
1209 2939 1297 3006 lacta,
1314 2957 1348 2996 ac
1362 2941 1461 2998 divino
1486 2943 1604 3000 alliante
1627 2945 1751 3018 Spiritu,
1779 2947 1884 3021 predi·

174 3026 310 3084 Judaica
332 3030 431 3084 tamen
461 3025 558 3084 locum
588 3026 760 3097 substituta,
781 3026 896 3084 divinas
924 3027 1006 3084 illius
1060 3031 1200 3095 otasuut,
1216 3027 1392 3086 haecomnia
1415 3033 1448 3087 io
1468 3031 1618 3102 macoma,
1644 3033 1740 3106 inquit
1764 3052 1882 3094 rursum

175 3115 545 3189 Scripturashareditario
561 3115 646 3186 quasi
657 3115 725 3186 J'ure
744 3116 868 3188 accepit,
890 3119 919 3173 et
932 3116 1004 3185 illis,
1060 3113 1270 3186 Tertullianus,
1289 3119 1446 3176 litteratum
1466 3129 1579 3178 manent
1602 3121 1722 3194 (thid.);
1739 3126 1789 3181 ssd
1807 3141 1882 3198 qua·

175 3203 269 3262 sicuti
285 3203 423 3272 diximus,
440 3203 514 3260 luite
529 3209 558 3260 et
571 3204 697 3261 subnixa
711 3209 765 3260 est.
782 3205 838 3262 Sed
854 3204 884 3261 id
896 3188 1041 3262 clariusC
1060 3219 1208 3271 sumnam,
1233 3207 1353 3264 obsecro
1382 3215 1420 3277 te,
1450 3208 1639 3267 litterarum?
1666 3200 1728 3269 Non
1758 3214 1882 3271 aliarum

175 3293 282 3352 adhuc
296 3292 418 3366 patebit,
434 3299 592 3365 postquam
608 3309 690 3350 more
710 3298 811 3350 nostro
834 3294 1005 3367 expenderi-
1061 3291 1162 3364 procul
1173 3291 1274 3364 dubio,
1285 3311 1373 3367 quem
1385 3297 1687 3357 Hebraicarum.Nam
1699 3301 1761 3374 ipse
1772 3295 1881 3360 ibidem

176 3398 263 3452 mus,
277 3381 347 3453 quid
363 3383 399 3438 de
413 3381 518 3438 iisdem
534 3381 625 3439 sacris
640 3381 820 3452 ludaeorum,
832 3399 883 3439 seu
897 3382 1005 3440 Veteris
1060 3387 1162 3438 narrat
1183 3381 1371 3442 Ptolemaum
1395 3386 1621 3460 Philadelphum
1644 3405 1662 3444 a
1682 3389 1803 3458 iudeis,
1830 3391 1881 3464 qui

177 3471 364 3528 Testamenti
382 3470 553 3542 scripturis,
575 3486 592 3527 a
616 3468 796 3528 Tertulliano
820 3475 920 3529 nostro
944 3475 1005 3528 sta·
1060 3469 1130 3528 olim
1146 3470 1259 3528 Hebraei
1271 3478 1364 3540 erant,
1376 3475 1523 3548 accepisse
1535 3479 1881 3552 earumllhror‚proprior

177 3561 295 3618 tuctur.
1061 3575 1093 3615 ao
1108 3562 1269 3618 semenator
1285 3563 1393 3620 litteras
1408 3563 1517 3637 (ibid),
1546 3566 1605 3623 sive
1634 3565 1753 3624 Hebraa
1780 3567 1882 3642 lingua

493 3690 653 3732 memus
673 3691 694 3731 Π
1060 3649 1254 3722 conscriptas,
1269 3651 1350 3723 quia,
1367 3657 1398 3708 ut
1414 3651 1464 3709 ille
1480 3654 1576 3710 adhue
1595 3652 1735 3728 loquitur,
1752 3657 1788 3713 ad
1803 3657 1885 3729 ipsos

175 3763 336 3836 Quando„
355 3765 489 3837 quomodo
514 3780 662 3820 ,mmm
689 3764 898 3833 mmmmm
926 3765 1005 3832 libri,
1060 3753 1177 3810 semper
1192 3739 1339 3812 prophetae
1355 3749 1560 3812 peroraverant
1575 3743 1684 3814 (ibid).
1709 3744 1816 3818 Moysis
1830 3747 1885 3803 ita·

213 3835 653 3908 fletratceprimummaripffi
675 3835 706 3891 m
728 3837 855 3904 linquam
879 3839 1006 3892 amam
1060 3825 1313 3899 quasliorumque
1338 3844 1489 3884 sacrorum
1520 3837 1618 3886 vetum
1649 3831 1715 3886 libri
1743 3833 1884 3890 Hebraico

213 3909 425 3992 o'Septoopiato
435 3907 544 3992 ’duetus'
556 3907 751 3990 interpretibus
766 3908 957 3969 convertimiu
973 3909 1006 3993 itt
1060 3929 1196 3971 sermone
1211 3915 1311 3987 scripti
1326 3924 1530 3974 remanserant
1544 3920 1622 3991 apud
1640 3920 1773 3977 llehraeos
1788 3927 1817 3978 et
1829 3922 1883 3979 Ju-

213 3979 474 4042 deterrueruut„
494 3981 543 4035 aba
565 3979 598 4034 de
621 3979 739 4050 Aristeu,
766 3979 912 4035 Ptolemaeo
935 3977 1003 4034 Pte·
1060 4001 1138 4058 ποθ
1187 4003 1280 4060 Πίθυε
1300 4020 1418 4060 summ,
1443 4012 1521 4063 om,
1643 4008 1701 4064 q,
1812 4014 1825 4063 t

214 4051 358 4122 ludolpho,
374 4052 528 4114 Phalanto,
549 4051 700 4122 torumque
720 4057 746 4106 et
761 4049 1005 4105 Attolioorumre-
1061 4089 1067 4102 .
1141 4019 1183 4075 ’q
1546 4025 1617 4064 eum
1640 4025 1670 4062 m
1703 4025 1771 4080 ΒΜ
1795 4025 1883 4080 ΝΜ

213 4137 282 4191 qum
293 4121 475 4191 bibliothecis,
495 4137 527 4177 sc
541 4122 577 4177 de
599 4122 735 4178 liarnetrio
756 4119 889 4177 Phalereo
912 4137 1002 4190 pruna·
1059 4096 1245 4164 ¹⁰⁰⁰rfupt⁰⁸
1260 4099 1515 4150 ⁰⁰¹¹⁸⁰rv⁸v⁶m¹¹²‘

213 4195 385 4250 maeooram
397 4193 605 4265 probatissimo.
1094 4196 1149 4252 Sed
1166 4203 1317 4255 ostentus
1333 4199 1492 4257 thesaurus
1508 4200 1585 4272 apud
1600 4216 1650 4257 eos
1676 4201 1752 4258 solos
1767 4217 1883 4273 semper

213 4307 673 4366 ObservstTertullisnusDeum
689 4306 871 4380 oprimordt'o
887 4306 1005 4365 misisse
1059 4284 1171 4386 ¹⁸t⁰f⁰i2
1201 4286 1406 4388 celeberrime·
1423 4288 1549 4345 diffisum
1579 4305 1669 4361 supra
1696 4289 1884 4363 Siliiuisslnii

173 4398 268 4466 siros,
279 4397 398 4470 Justitia
412 4402 441 4455 et
455 4396 623 4454 innocentia
637 4395 822 4468 conspicuos,
847 4396 898 4469 qui
920 4395 1004 4452 illum
1059 4391 1209 4475 ⁸⁰¹J¹⁰l²¹m
1225 4381 1465 4448 ¹¹¹i0iPi0¹⁸i¹⁰¹¹⁰
1480 4393 1547 4434 ⁰¹¹OE
1574 4377 1680 4434 Giae‘lii
1696 4379 1834 4452 primum,
1850 4396 1884 4437 80

173 4487 301 4545 unicum
330 4504 396 4545 0330
433 4491 462 4544 „t
498 4490 688 4561 agnoverunt,
718 4491 745 4541 01
774 4485 1005 4558 praedioavefflm
1059 4463 1885 4538 deindecumaiiisgentihuecommunicatusest.Qua·

172 4574 362 4642 (septupium
377 4577 517 4649 Amyn,
534 4591 598 4648 πρ,
615 4575 671 4646 18),
687 4573 722 4628 ffi
745 4579 844 4630 autem
860 4573 1004 4630 docebant
1018 4553 1042 4620 Ι)
1058 4559 1177 4654 propter
1202 4555 1426 4611 Tertullianus:
1453 4561 1538 4612 aNec
1562 4557 1636 4622 iste,
1661 4557 1769 4630 inquit,
1796 4575 1884 4615 sacrm

174 4666 214 4722 ab
228 4664 282 4720 hoc
302 4665 388 4723 unico
403 4665 462 4722 Deo
477 4671 576 4721 creata
590 4663 698 4732 omnia,
713 4663 747 4718 de
761 4663 844 4718 tamo
864 4662 1005 4719 bominem
1059 4641 1255 4743 Ῑῑξῑθΐθυΰῦῐξθ
1269 4642 1371 4699 litem·
1389 4663 1401 4694 ²
1420 4645 1519 4717 (ibid.)
1531 4648 1627 4718 Atque
1653 4647 1694 4702 list
1717 4648 1836 4718 iuldflffl
1853 4649 1883 4706 in

173 4755 349 4823 formatum,
375 4754 535 4827 dispfflm
559 4757 725 4824 mmmmm
751 4751 840 4820 vim,
867 4753 944 4807 edit,
960 4752 1004 4807 di,
1058 4729 1177 4804 Rigallu
1192 4732 1330 4788 editione.
1346 4736 1382 4789 At
1397 4733 1426 4789 in
1450 4735 1664 4806 antiquioribus
1687 4734 1784 4806 editis,
1810 4742 1839 4793 at
1852 4737 1882 4796 in

109 4857 115 4870 ·
172 4843 253 4901 vina
268 4839 767 4916 majestatissuesigna,conditas
792 4839 1002 4895 morumviqae.
1059 4819 1167 4876 uostris
1192 4819 1403 4921 manuscriptis
1432 4822 1583 4878 codicibus
1611 4823 1780 4880 adverbium
1808 4841 1884 4882 nunc

174 4947 239 5006 que
251 4937 328 4988 recte
342 4932 462 5004 agendas
477 4930 566 5002 leges,
582 4944 615 4986 ao
629 4928 758 5001 prodacto
775 4943 834 4984 avo
849 4929 1005 4985 omaeabo·
1058 4907 1150 5009 {biiii-
1166 4912 1224 5009 Nec
1234 4909 1302 4980 1¹¹?ss
1318 4911 1436 4981 (lumem
1453 4927 1575 4982 PT⁰rius
1590 4911 1746 4968 lmmfltiw·
1770 4913 1881 4970 Tertul-

174 5021 275 5078 mjn„
289 5020 324 5076 ,d
340 5020 429 5075 ,jum
445 5034 563 5074 ,ursum
578 5016 758 5088 mitand03‚
774 5020 803 5072 οι
812 5017 1002 5088 judiam,
1058 4995 1154 5054 lienus
1169 4998 1314 5070 siquidem
1325 4998 1474 5071 significat
1485 4999 1552 5056 illas
1565 5017 1622 5058 non
1634 5018 1652 5056 a
1662 5018 1716 5057 suo
1727 5002 1880 5070 duntaxat,

174 5114 211 5165 ut
241 5123 293 5180 pro
321 5106 432 5164 meritis
457 5111 566 5162 eterna
593 5110 645 5162 aut
672 5120 759 5176 poena
785 5109 837 5160 aut
865 5103 1003 5162 latinitate
1058 5087 1108 5143 Sed
1125 5087 1161 5142 Pb
1177 5087 1433 5160 iP⁸⁰Glffl⁰⁰l⁰fflt
1452 5089 1495 5144 Uli
1519 5089 1657 5160 diffiniti,
1684 5090 1880 5164 interpretum

171 5195 354 5253 alliciuntur.
376 5197 410 5251 at
425 5196 477 5252 tibi
493 5195 522 5250 iu
545 5193 714 5249 Tertulliani
740 5198 819 5250 textu
846 5193 906 5248 haec
929 5193 1002 5267 legi·
1057 5179 1189 5248 te”illm
1206 5191 1262 5230 ‘¹⁰¹¹
1279 5175 1402 5231 'stillim
1421 5177 1560 5249 imPlini·

172 5301 247 5343 mus
266 5284 372 5343 verbs:
405 5283 511 5348 nouas
540 5283 718 5340 demerendo
746 5282 804 5340 sibi
831 5281 1003 5355 disciplinas
1093 5281 1322 5348 Quandoautem
1335 5285 1363 5337 et
1378 5283 1525 5354 quomodo
1540 5284 1600 5341 beo
1616 5286 1713 5342 Graeca
1728 5303 1880 5344 sacrorum

170 5373 425 5439 determinaverit,
441 5390 505 5446 qua
520 5372 664 5446 ignoratis
679 5377 731 5430 aut
744 5372 879 5430 descritis
892 5389 899 5440 ;
911 5395 926 5422 a
937 5388 1001 5443 qua
1057 5370 1198 5427 librorum
1211 5368 1413 5442 interpretatio
1428 5373 1463 5427 ab
1482 5373 1519 5429 iis
1534 5375 1675 5431 adornata
1688 5375 1786 5444 luerit,
1802 5377 1881 5434 buno

169 5463 296 5538 quidem
318 5461 442 5519 Heraldo
466 5464 538 5518 adeo
567 5463 693 5520 obscura
719 5464 915 5534 corruptaque
940 5459 1003 5518 visa
1057 5457 1288 5530 illecxplicatin
1306 5461 1449 5518 modum:
1477 5463 1549 5518 Cum
1565 5463 1749 5532 Ptolomeus,
1772 5479 1880 5536 cogno·

167 5557 258 5622 sunt,
275 5556 308 5608 ut
322 5550 396 5609 nihil
411 5552 447 5609 de
461 5551 508 5610 his
524 5550 716 5626 pronuntiare
730 5551 847 5606 audeat.
872 5549 927 5605 Sed
942 5565 1001 5606 non
1058 5551 1153 5604 mento
1164 5547 1386 5620 Philadelphus,
1400 5550 1608 5610 bibliothecam
1615 5569 1705 5634 ‘suam
1715 5552 1794 5608 omni
1808 5569 1880 5624 quo·

166 5647 258 5702 tanta
272 5639 328 5698 tuit
341 5640 485 5700 timiditas
498 5639 627 5716 bigami,
647 5639 720 5696 787
738 5640 789 5714 qui
804 5643 905 5698 contra
918 5655 1001 5713 aper·
1058 5653 1241 5710 rumounque
1251 5636 1393 5697 librorum
1405 5641 1586 5716 supellectile
1596 5641 1773 5714 locupletare
1782 5639 1880 5711 veltet,
