4068 6186
142 300 196 364 ees
747 299 799 361 aa
819 297 1062 362 ansaruomu
1086 296 1238 360 aarum.
1452 255 1454 258 ’
1728 244 1729 252 ¹
1786 299 1848 362 ees

142 467 144 470 ’
234 567 327 770 0·
395 567 1765 736 sara.en0e.aauaumma1

485 851 594 973 DE
637 847 1150 974 TESTIMONIO
1196 847 1498 972 ANIMAE

938 1064 1054 1128 utana

675 1205 979 1296 ADVERSUS
1029 1202 1248 1294 GENTES
1264 1194 1312 1298 ω.

170 1519 395 1572 hadamarum.
413 1545 449 1556 -
463 1515 528 1570 Post
542 1513 714 1570 uberrimam
726 1513 895 1584 scriptorum
907 1513 1033 1583 ocqelem,
1058 1511 1107 1583 qui
1129 1509 1273 1582 reliqionis
1289 1508 1453 1566 Christianae
1472 1525 1586 1566 causam
1599 1514 1727 1584 eqcraat,
1741 1511 1774 1568 in
1788 1527 1850 1568 are·

136 1623 206 1662 nam
219 1603 402 1661 descenderat
417 1603 616 1672 Tertullianus,
632 1605 662 1658 ut
673 1605 747 1674 palat
760 1615 795 1658 eac
808 1600 982 1673 Apotoqclico
996 1603 1022 1655 et
1039 1599 1121 1656 libris
1132 1599 1241 1656 duatus
1252 1607 1351 1655 contro
1366 1598 1497 1656 Nationes
1509 1616 1516 1667 ;
1541 1615 1605 1655 cum
1619 1608 1711 1658 tamem
1735 1616 1848 1658 causam

136 1695 220 1750 illam
235 1693 312 1750 nihil
322 1695 425 1763 inuisos
439 1692 590 1760 nideratun
604 1693 678 1748 tunc
692 1691 724 1746 de
739 1690 903 1748 lectionario
918 1691 1020 1746 anima
1035 1688 1161 1746 titatium
1174 1703 1288 1746 seorsus
1303 1690 1355 1756 est,
1371 1691 1402 1744 ut
1415 1704 1484 1746 nono
1497 1688 1645 1762 puqaamli
1658 1705 1758 1761 qeuerc
1772 1689 1849 1748 Chri·

134 1785 225 1842 eliani
243 1783 366 1842 nominis
392 1782 483 1840 hostes
507 1781 679 1848 adoriretur,
703 1787 913 1852 caelatarumque
940 1794 1066 1852 perocrsc
1088 1794 1125 1835 ec
1152 1776 1312 1836 commdem
1339 1779 1445 1836 animis
1473 1779 1632 1852 opinionem
1658 1776 1799 1847 evelleret,
1823 1788 1850 1837 et

134 1889 195 1929 rem
227 1871 416 1928 Christianam
442 1873 474 1927 in
502 1874 560 1928 luto
583 1871 737 1927 collocaret.
768 1869 892 1942 tlujnsco
919 1869 1010 1941 operis
1042 1869 1130 1926 netuli
1153 1866 1338 1940 luradamenla
1357 1867 1462 1940 jecerat
1480 1866 1651 1940 tpctoqetle·
1663 1883 1725 1941 cap.
1743 1869 1787 1938 tt,
1804 1883 1849 1926 ue·

136 1979 202 2018 rum
217 1961 263 2018 liic
274 1977 307 2018 co
321 1961 408 2018 latins
419 1967 607 2034 prosequitur,
630 1974 694 2032 qaae
716 1959 806 2016 otiler
820 1965 935 2016 tantum
954 1958 1176 2027 perstrinxerat:
1204 1960 1347 2030 licumque
1360 1958 1518 2030 praesertim
1532 1973 1620 2016 unum
1634 1957 1690 2027 laic,
1705 1961 1731 2016 ct
1743 1959 1851 2018 animm

137 2059 246 2108 statum
260 2055 321 2124 post
335 2052 449 2109 mortun
462 2050 644 2108 demonstrat.

171 2337 246 2394 Gen.
258 2337 279 2394 l.
295 2335 402 2410 Magna
416 2335 584 2393 curiositate
595 2334 633 2408 (2)
648 2337 676 2391 et
686 2334 797 2407 majore
810 2331 896 2406 longe
907 2349 967 2390 me·
982 2335 1010 2403 Α
1024 2331 1212 2390 traditionem
1227 2337 1257 2389 et
1267 2333 1482 2391 sententiarum
1497 2334 1690 2406 argumenta⁸
1716 2333 1766 2404 (5),
1796 2350 1849 2407 per

138 2426 235 2484 muria
248 2426 324 2482 009
340 2443 415 2499 opus
430 2425 518 2482 estad
525 2425 565 2496 (3)
576 2423 754 2481 studendum
766 2422 815 2492 ¹,si
824 2423 891 2496 quis
901 2421 971 2480 velit
1025 2439 1087 2495 qam
1102 2410 1270 2495 recognosci
1286 2421 1380 2495 possit
1392 2423 1415 2491 ²,
1430 2421 1503 2478 nihil
1527 2437 1580 2480 nae
1603 2427 1655 2479 aut
1675 2438 1783 2480 nonam
1797 2423 1849 2480 nat

135 2532 170 2572 ex
184 2515 297 2572 litteris
312 2510 968 2587 receptissimisqaibusqae'philosophorum
1023 2515 1225 2585 portentosum
1239 2511 1416 2584 suscepisse,
1428 2511 1464 2568 de
1475 2528 1532 2584 quo
1543 2527 1601 2568 non
1617 2512 1705 2570 etium
1716 2527 1849 2570 comma-

134 2605 179 2662 vel
196 2608 352 2678 poetaram
365 2602 411 2660 vel
425 2600 626 2675 quorumlihet
640 2601 773 2658 doctrina
792 2599 942 2674 sapientiae
957 2600 969 2637 ⁸
1022 2617 1075 2658 nee
1089 2604 1118 2657 et
1132 2601 1256 2674 publices
1271 2599 1374 2657 littere
1390 2602 1426 2658 ad
1451 2601 1622 2674 suffragium
1642 2602 1727 2660 nobie
1750 2606 1849 2676 patro·

134 2693 289 2751 seecalarie
305 2694 515 2766 magistrarum
528 2690 701 2748 testimonia
716 2705 868 2762 excerpere
883 2689 967 2746 chri·
1022 2691 1169 2760 sinentur,
1181 2690 1206 2747 ei
1219 2690 1290 2763 quid
1302 2693 1353 2747 sut
1363 2690 1470 2748 erroris
1490 2691 1644 2763 ejecimus,
1659 2696 1712 2748 aut
1726 2692 1850 2766 aquita-

135 2785 242 2840 elisum
259 2781 403 2851 veritatis;
421 2784 454 2838 at
469 2780 567 2836 emuli
582 2785 845 2855 persecutoresque
857 2779 968 2851 ejusde
1022 2780 1062 2836 tis
1076 2779 1323 2837 admisimusssd
1339 2795 1376 2836 ns
1391 2780 1454 2837 auis
1465 2780 1585 2853 qnidam
1601 2780 1763 2853 magistris,
1775 2781 1851 2840 alias

136 2891 191 2932 eno
208 2871 330 2946 proprio
345 2871 585 2938 instrumentum
600 2868 708 2926 erroris
723 2869 753 2925 in
769 2872 847 2939 seat
862 2868 968 2942 iniqui·
1020 2866 1238 2940 probatissimis
1267 2875 1353 2940 elque
1380 2867 1561 2935 lectissimis,
1591 2868 1680 2926 iidem
1698 2867 1852 2928 inclinavit

137 2963 208 3019 latis
223 2961 255 3016 in
270 2977 324 3018 aas
336 2959 378 3017 rei
393 2957 589 3017 revincantur.
601 2957 741 3015 Nonnulli
756 2956 875 3030 quidem
891 2958 966 3030 θα),
1021 2957 1151 3014 humanu
1165 2958 1202 3014 ds
1216 2956 1423 3014 incredulitate
1445 2955 1564 3027 duritia,
1588 2956 1684 3015 sicubi
1712 2957 1742 3015 in
1763 2975 1850 3032 argu·

136 3049 251 3123 quibns
266 3049 303 3105 de
318 3047 443 3122 pristina
457 3047 625 3104 litterature
645 3049 674 3102 et
688 3045 869 3103 curiositatis
885 3044 969 3102 labor
1022 3046 1302 3104 mentaChristiuaa
1317 3045 1691 3122 detensionieimpingunt;
1702 3051 1772 3108 tana
1782 3048 1850 3106 anni

135 3143 167 3196 et
182 3137 335 3196 memorie
347 3141 430 3194 tenor
443 3137 649 3209 perseveravit,
667 3135 703 3192 ud
732 3150 798 3192 eum
825 3134 968 3192 madum⁸
1021 3135 1451 3208 poete,cumdeoshnmnnis
1478 3136 1669 3209 passionibus
1689 3141 1718 3195 et
1741 3136 1849 3198 tabulis

135 3227 286 3303 opuscula
299 3243 387 3300 peaes
407 3242 462 3282 nas
477 3225 681 3292 condiderunt,
707 3227 968 3281 commemorantes
1022 3224 1221 3299 deeignnnt⁸t
1237 3228 1309 3282 tunc
1324 3224 1493 3299 philosophi
1520 3225 1597 3299 duri,
1624 3242 1690 3285 aum
1717 3227 1849 3287 veritatis

135 3316 428 3375 secantestisseantes
444 3315 473 3371 in
489 3311 727 3388 suggillationem
741 3317 770 3370 et
780 3312 923 3384 originem
940 3315 968 3369 et
1023 3313 1100 3370 lurae
1114 3312 1237 3387 pulsant
1251 3315 1300 3386 (d).
1313 3313 1459 3372 Hactenus
1474 3315 1592 3388 sapiens
1610 3320 1640 3373 st
1652 3317 1782 3390 prudens
1797 3317 1850 3376 ha·

842 3449 942 3512 Variae
967 3449 1127 3514 lectiones.

169 3564 177 3598 ¹
196 3557 425 3644 Adetudeadam
441 3557 546 3640 lliqalt.
567 3555 632 3613 'ila
646 3555 751 3612 litteris
771 3554 965 3682 receptissimi
981 3557 1127 3631 cujusque
1139 3559 1206 3615 lun.
1223 3566 1250 3615 ct
1273 3562 1305 3614 P.
1322 3559 1434 3642 diacon.
1448 3560 1470 3628 ,³
1499 3558 1644 3618 Doctrinae
1671 3577 1705 3618 ac
1731 3561 1849 3637 sapien·

133 3633 182 3690 tim
209 3633 341 3704 llaqalt.⁴
368 3631 418 3686 lies
444 3633 642 3685 evincantur:
669 3631 709 3684 Ac
730 3627 866 3684 nonnula
890 3629 1009 3700 quadem
1037 3629 1129 3687 tunt
1157 3631 1199 3686 hd
1230 3633 1332 3704 gentes
1360 3629 1485 3701 areatat
1513 3630 1545 3688 ln
1574 3631 1791 3706 sugillationem
1821 3641 1852 3695 et

133 3705 288 3778 originum
303 3708 331 3759 et
345 3701 548 3769 traditionum,
559 3709 587 3756 et
601 3698 825 3764 sententiarum,
838 3706 1012 3772 argumente
1029 3701 1095 3759 lun.
1110 3709 1137 3758 ct
1148 3701 1240 3760 latin.
1253 3702 1283 3759 in
1299 3701 1417 3775 singula
1427 3701 1570 3760 rationem
1584 3710 1613 3762 et
1626 3721 1653 3762 o.
1665 3705 1764 3783 ltiqult.
1780 3707 1849 3766 'lle-

133 3775 277 3850 cogansci
294 3775 328 3832 te
342 3775 434 3830 Prior.
450 3772 633 3845 'Absigasnt
646 3774 712 3830 lun.
1187 3777 1199 3808 ··

851 3871 1113 3934 Commentarius.

171 4003 210 4077 (1)
223 4001 380 4058 Trachalus
402 3998 435 4054 de
463 3999 630 4055 testimonio
657 3999 735 4055 onice
761 4013 827 4054 cam
842 3997 968 4068 Apoloqe·
982 4004 1007 4069 Β
1022 4003 1049 4054 et
1064 3997 1122 4053 alia
1138 3995 1282 4070 quapiam
1298 3995 1383 4054 aliert
1398 3997 1433 4054 de
1461 3998 1585 4058 Aristeu
1608 3998 1750 4074 scriptore
1772 4001 1849 4060 unti-

134 4077 191 4132 tico
201 4079 234 4131 et
248 4071 333 4129 libris
348 4071 479 4127 aduersus
495 4067 590 4126 Gentes
603 4070 778 4140 conjunctus
793 4076 847 4124 est.
865 4068 895 4124 ln
911 4068 966 4125 hou
1021 4069 1176 4142 quissimo.
1195 4069 1261 4125 Lsa.

134 4151 216 4204 enim
235 4141 388 4216 religionis
407 4144 720 4214 argumentamqaod
742 4141 965 4212 indpoloqetico,
1058 4142 1095 4214 (3)
1121 4139 1193 4213 Opus
1219 4145 1262 4196 est
1289 4137 1498 4197 adstudendum.
1536 4141 1616 4214 Opas
1644 4143 1721 4214 quod
1750 4144 1849 4202 adstu-

133 4237 200 4292 cap.
220 4217 268 4287 lt,
294 4212 467 4288 protulerat,
494 4213 625 4269 animam
653 4212 766 4269 scilicet
795 4211 968 4268 naturaliter
1022 4213 1083 4268 dari
1112 4212 1217 4268 debeat
1232 4227 1340 4284 magna
1354 4211 1534 4283 curiositate,
1558 4219 1588 4271 et
1611 4214 1722 4287 majore
1737 4232 1849 4273 memo·

132 4303 309 4364 agnoscere,
326 4294 355 4343 et
368 4287 453 4358 quasi
470 4284 603 4356 invitam,
616 4301 707 4340 unum
723 4285 864 4340 duntaxat
875 4283 967 4339 Deum
1023 4284 1074 4342 ria.
1092 4283 1155 4340 Rea.

132 4380 212 4426 esse,
231 4367 260 4416 et
275 4359 399 4414 alteram
415 4358 504 4413 vitam
526 4356 583 4412 ista
610 4357 766 4428 preterita,
782 4355 914 4411 exlendit
925 4353 966 4416 la·
1058 4356 1097 4428 (l)
1108 4353 1244 4410 Norsnnlli
1256 4354 1377 4426 quietem.
1389 4353 1501 4411 hlludit
1528 4355 1565 4413 ad
1580 4371 1640 4423 aas,
1656 4355 1708 4430 qai
1736 4361 1803 4414 ante
1818 4375 1850 4416 se

132 4437 259 4506 tiaeque
274 4430 473 4502 prosequitur.
489 4429 548 4485 Hoc
563 4433 661 4485 autem
691 4445 726 4484 ex
753 4444 842 4484 sensa
862 4431 968 4482 natura
1023 4428 1165 4484 adversus
1191 4432 1293 4499 gentes
1316 4425 1509 4498 scripserunt,
1542 4426 1658 4485 Grecos
1686 4429 1849 4503 prasertim

132 4507 192 4578 ipsi
210 4503 303 4560 insitu
319 4503 540 4566 demonstratae
553 4499 591 4555 ita
605 4501 721 4572 penitas
734 4500 759 4554 ei
776 4498 970 4568 insculptam
1024 4501 1103 4568 (nam
1118 4499 1266 4554 secundus
1281 4498 1319 4554 ab
1329 4497 1660 4569 ApollonioLatiuorum
1671 4501 1850 4574 scriptarum

134 4580 221 4634 nulla
238 4592 271 4631 rs
285 4572 375 4630 deleri
391 4572 578 4644 qaeut3adao
592 4578 623 4628 ut
637 4571 692 4644 ipsi
706 4570 969 4642 imprudenliexai-
1024 4571 1220 4627 alhllieran.
1237 4570 1266 4624 in
1295 4569 1427 4642 catalogo
1456 4575 1646 4640 recensetur),
1670 4574 1851 4640 Quadratum

134 4651 186 4706 dat
203 4666 212 4706 ε
235 4656 343 4704 alcum
359 4643 704 4717 incogitantecjautatur,
720 4644 792 4699 Draus
806 4643 885 4712 actio,
896 4639 971 4711 Quod
1025 4641 1099 4708 dico,
1114 4641 1283 4708 Aristidem,
1298 4641 1450 4698 lustinum
1466 4641 1685 4716 philosopham,
1698 4652 1798 4703 Anaxa
1820 4665 1851 4704 o·

135 4724 192 4778 lico
207 4720 347 4792 placitum
366 4717 430 4788 erit,
454 4715 529 4772 Adsit
544 4716 615 4770 mihi
639 4721 719 4780 Deus,
737 4719 804 4783 eta,
820 4731 883 4785 ques
900 4730 968 4784 sup·
1024 4731 1099 4780 rans,
1117 4713 1291 4784 ttelitonean,
1302 4712 1497 4785 Theophilum
1507 4715 1734 4787 Antiochenam,
1746 4663 1853 4790 speriti·

136 4795 260 4867 ponunt
287 4788 417 4845 animam
450 4787 496 4843 uel
530 4786 632 4842 notitia
661 4787 805 4842 imbutam
835 4801 909 4848 esse,
940 4789 972 4839 ut
1028 4785 1491 4854 nariun1,'l'ullunum,Irenaeum,
1503 4787 1680 4844 Clementem
1695 4789 1851 4848 Alexandr.

136 4858 603 4924 mortistimarnatursiasitus,
634 4856 972 4914 nomenimmsrtalituti
1026 4857 1541 4939 clttiltindemsqaornmquesdam
1565 4862 1601 4918 ud
1632 4861 1752 4918 verbum
1777 4878 1852 4936 pane

135 4931 372 4994 commendandi
387 4930 576 4993 desiderium,
586 4929 789 4990 misericordia
803 4929 832 4984 iu
848 4929 971 4984 del'uuc·
1027 4944 1081 4986 suu
1095 4928 1281 5001 Apologetiuo
1295 4927 1342 4984 ins
1364 4933 1447 4998 arsit,
1461 4931 1497 4986 ad
1509 4947 1596 5002 quem
1624 4932 1713 4990 tacito
1734 4935 1854 4992 nomine

136 5015 197 5074 los,
216 5008 391 5076 supponunt
406 5001 493 5057 aliam
511 5002 546 5056 ab
567 5000 623 5057 ista
636 5001 724 5057 vitam
740 5017 814 5056 neec.
830 5005 901 5056 Cum
917 5017 971 5055 uu·
1027 5001 1114 5058 otiam
1131 4999 1178 5056 hio
1192 4999 1307 5057 videtur
1321 4946 1460 5058 effudere.
1477 5001 1549 5058 Pam.

136 5089 198 5136 tem
217 5079 248 5133 hi
260 5072 496 5149 eaneusanimee,
510 5078 540 5127 at
558 5071 974 5146 singuliehominihasnalura
1063 5073 1102 5144 (5)
1116 5073 1151 5128 at
1164 5073 1364 5130 sententiarum
1387 5083 1555 5146 arqumenta
1577 5073 1746 5148 legendum
1773 5076 1853 5134 vide·

115 5154 201 5221 ‚sint
218 5147 316 5213 insiti,
330 5164 347 5202 a
361 5145 421 5201 lleu
435 5161 486 5200 coe
503 5160 619 5202 munero
635 5161 754 5202 necesse
769 5149 824 5202 eet.
840 5145 881 5200 liu
893 5143 972 5214 quud
1028 5148 1086 5212 tur,
1102 5149 1129 5200 el
1141 5149 1305 5217 arqnmenlu
1318 5147 1526 5214 renuntiarunt,
1555 5152 1585 5203 et
1613 5152 1713 5218 postea
1736 5148 1854 5221 disjun-

134 5225 167 5281 ia
185 5219 321 5304 euubreui
338 5214 576 5288 tractatnlepide
603 5217 764 5274 admodum
787 5214 973 5273 Tertullanus
1029 5215 1320 5300 gaudeamusque
1348 5220 1513 5287 recoqnosci,
1546 5218 1797 5293 seribendumque
1824 5237 1856 5280 re

110 5425 122 5442 ,
136 5289 508 5440 ωἲὲἒιῧεῖξιάξῖξίξξίίαὶε
531 5357 592 5441 Vox
609 5356 717 5415 usitata
739 5359 769 5414 in
781 5375 841 5442 esua
857 5355 972 5442 mundio:
990 5373 1012 5441 c
1029 5289 1483 5430 coigfslffiritllaiiimsztic?obtineri!
1497 5361 1577 5417 Hanc
1599 5361 1777 5422 locationem
1794 5361 1856 5420 vidi

135 5431 493 5511 Vopiscnsiaharelienu
505 5445 511 5484 ι
523 5431 702 5488 ersnotetec
710 5433 974 5503 sortassucutpsam,
1031 5435 1120 5487 etiam
1137 5447 1165 5485 an
1182 5431 1370 5504 epistolariis
1385 5432 1484 5504 magni
1507 5431 1587 5488 illiue
1608 5435 1764 5493 Clementis
1775 5450 1856 5505 papa

135 5518 162 5568 et
181 5509 276 5565 mimis
302 5505 374 5562 leuia
402 5519 459 5560 esse
486 5501 706 5567 uideantur,setl
729 5503 875 5558 curiositas
902 5500 977 5556 nihil
1031 5503 1220 5560 adlaaahum
1239 5504 1357 5560 tratrem
1374 5504 1500 5572 Domini,
1530 5505 1579 5560 ubi
1609 5506 1733 5579 loquens
1755 5507 1791 5560 de
1819 5504 1857 5558 iis

137 5587 269 5640 recusat.
286 5576 478 5634 Gasauboaus
508 5573 606 5646 inquit
628 5573 660 5629 in
689 5573 767 5632 nulia
793 5575 828 5631 ad
856 5573 975 5645 Vapics.
1032 5575 1230 5646 qainondam
1259 5579 1329 5634 suut
1352 5574 1521 5646 Christiani,
1546 5576 1588 5634 ait
1613 5577 1681 5637 illas
1701 5574 1856 5636 eseeloris.

158 5650 326 5724 eriergiam
352 5651 429 5720 (qna
457 5661 511 5704 vox
537 5646 616 5703 idem
642 5650 687 5704 eat
708 5663 777 5703 enm
796 5645 978 5716 curiositate)
1032 5647 1098 5706 Lan

137 5673 259 5786 iseum
274 5719 481 5796 pedissequam
495 5715 663 5791 philologis
677 5719 714 5776 ab
742 5718 824 5776 Mart.
850 5717 977 5791 capelle,

315 5829 447 5912 Persou.
471 5847 495 5910 l.
1658 5844 1697 5903 ΞΩ
