4096 6180
171 302 234 368 '185
537 301 576 364 ΙΝ
599 301 904 366 auotouustutttl
929 301 966 362 D.
990 303 1038 362 tlt
1061 302 1226 366 NOUliilY
1250 303 1518 366 presentatio.
1820 302 1879 366 'idd

174 434 309 507 cuiusvis
338 433 470 491 oriminis
492 433 598 507 elogio,
621 433 787 491 nihilsliud
802 434 913 490 terebat
944 433 1000 489 nisi
1016 435 1041 500 Α
1056 433 1144 507 aiunl,
1158 435 1197 492 Pii
1218 436 1327 493 etVeri
1353 434 1409 500 lex.
1432 434 1606 507 nullumque
1629 435 1789 492 decretum.
1819 432 1877 490 Soli

175 525 350 586 Christianos
365 523 510 580 damnari.
525 524 562 578 at
575 523 685 580 ethnici
702 528 765 581 tum
781 523 811 578 in
828 522 1001 580 sacratiores
1056 522 1156 596 itaque
1170 524 1303 598 pessimi,
1318 524 1505 598 nequissimi,
1520 540 1553 580 ao
1563 522 1732 597 impiissimi
1750 522 1879 597 impura·

174 613 257 684 leges
270 629 304 669 eo
320 612 437 684 pravius
450 613 620 684 peccabant,
636 629 695 684 quo
719 612 826 685 sepius
836 613 1003 669 iutebsntur
1056 611 1174 670 toreain
1189 631 1239 670 eos
1254 614 1409 670 sevierunt
1426 613 1500 686 (cap.
1512 612 1551 686 5).

176 707 275 760 castos
291 705 544 773 sanctosqueasse
559 717 656 758 mores
679 701 925 772 Christianarum,
940 717 1003 758 eos·
1091 701 1163 758 Tum
1179 701 1286 758 debinc
1300 701 1509 773 Tertullianus,
1525 702 1694 759 utethnicis
1710 715 1829 758 omnem
1844 715 1878 756 ex

182 807 240 865 que
256 790 305 863 qui
321 806 357 846 ex
372 790 434 846 suis
457 789 616 864 gentilibus
632 789 880 846 Christianeiidei
895 806 1001 847 nomen
1056 792 1202 863 majorum
1214 791 1360 849 institutis
1375 791 1527 864 eclogibus
1542 791 1639 865 inepte
1650 790 1785 864 litigandi
1799 791 1877 848 viam

178 881 302 946 debant,
319 879 383 934 lleri
407 894 524 953 semper
546 878 692 936 meliores.
721 881 917 936 Veruntamen
943 895 1001 934 non
1057 880 1227 954 praecludet,
1245 880 1340 952 palam
1362 880 1483 937 cuilibet
1499 880 1580 938 brevi
1606 880 1775 938 inductione
1798 877 1878 950 lacit,

181 967 289 1025 minori
306 967 477 1025 crudelitate
491 967 521 1024 in
536 967 590 1024 bos
616 967 888 1042 neophytos,quum
904 968 933 1022 in
947 983 1001 1024 ce·
1056 969 1264 1043 pessumdatus
1281 969 1318 1026 ab
1342 968 1401 1025 illie
1424 969 1517 1026 luisse
1542 970 1578 1026 de
1597 973 1733 1043 sumptu,
1751 966 1876 1039 ambitu,

177 1060 390 1121 terosomnes,
408 1056 445 1113 ob
475 1061 662 1129 essumptum
678 1055 879 1114 Christianum
896 1071 1003 1112 nomen
1056 1057 1316 1128 viniabstinentia,
1334 1056 1458 1114 divortio
1485 1056 1615 1114 occultu
1638 1057 1760 1116 deorum
1782 1054 1875 1128 leges,

179 1144 352 1202 seviebant.
1058 1150 1230 1219 statutaque
1257 1145 1428 1204 secretiora.
1457 1147 1581 1204 Romani
1608 1145 1718 1219 quippe
1744 1143 1881 1204 consoles

219 1236 251 1291 lt
267 1233 364 1301 nobis,
388 1233 561 1306 inquiebant
580 1233 701 1303 albuini,
719 1233 855 1308 displicet
876 1231 1005 1291 auctoris
1059 1236 1198 1293 Libanum
1215 1251 1281 1290 com
1296 1234 1360 1291 suia
1385 1233 1534 1306 mysteriis
1553 1232 1744 1308 Romentque
1758 1249 1793 1291 ex
1818 1236 1881 1290 tota

185 1321 776 1396 eorumnomcn.Quidergo,respondet
795 1320 1004 1390 Tertullianus,
1059 1323 1414 1396 ltalia,quamadmodum
1440 1321 1506 1379 Piso
1536 1325 1566 1380 et
1593 1322 1747 1392 Gabinius,
1779 1322 1881 1379 itidem

181 1410 280 1467 odiosi
293 1411 416 1468 subesse
431 1415 527 1483 potest
541 1411 569 1466 in
585 1411 693 1469 christi
710 1410 1006 1468 nominetucnneex
1060 1413 1207 1482 consules3
1224 1412 1404 1483 Serapidem,
1418 1411 1541 1477 laidem,
1556 1416 1587 1469 et
1609 1411 1828 1484 Harpocratem,
1848 1425 1884 1466 ex

182 1499 332 1557 suscitate
345 1498 392 1556 vel
406 1499 586 1573 benignitate
597 1501 718 1556 ductum
735 1501 803 1559 esti
826 1499 899 1567 Quid
915 1499 1004 1556 etiem
1059 1501 1201 1575 Capitolio
1217 1501 1399 1572 deorumque
1412 1501 1495 1556 coris
1520 1501 1681 1572 ejecerunt,
1696 1500 1746 1572 qui
1778 1497 1881 1572 postli-

178 1587 276 1644 inille
292 1589 389 1662 magia
403 1588 471 1644 odio
482 1587 616 1663 dignum,
636 1604 725 1662 quum
748 1588 779 1644 in
795 1589 859 1661 ipso
874 1586 1005 1660 philoeo-
1061 1591 1154 1648 minio
1169 1591 1341 1646 duntaxute
1357 1589 1496 1646 Romenia
1512 1595 1583 1646 sunt
1597 1588 1735 1646 restituti.
1753 1588 1883 1662 Denique

184 1676 327 1750 phorom,
346 1676 540 1744 medicorum,
560 1692 720 1748 coquorum
745 1676 874 1744 nomine,
911 1680 1006 1730 trans·
1061 1679 1169 1737 ethnici
1185 1694 1288 1736 omnes
1305 1678 1441 1734 nuntium
1459 1677 1591 1736 moribus
1608 1694 1783 1751 proavorum
1811 1693 1880 1734 suo·

178 1767 275 1824 misso
305 1767 341 1823 ab
363 1766 532 1823 auctoribus
558 1767 632 1836 suis,
658 1772 686 1824 et
714 1767 751 1824 ab
767 1765 842 1836 feliis
866 1767 1007 1838 accepto?
1062 1767 1314 1825 rumramiserent
1328 1765 1542 1836 bubitu‚victu‚
1558 1765 1719 1833 instructu,
1736 1782 1836 1836 ceusu,
1853 1769 1883 1822 et

179 1853 302 1914 Nullius
315 1855 442 1926 denique
452 1859 537 1911 secte
550 1871 656 1912 nomen
673 1855 783 1912 melum
803 1859 854 1911 aut
872 1853 1000 1910 invisum
1058 1855 1123 1928 ipso
1134 1853 1221 1912 etiem
1234 1869 1377 1910 sermone.
1395 1852 1571 1910 Christianis
1586 1853 1678 1927 igitur
1705 1855 1815 1910 trustra
1830 1853 1882 1910 ob·

176 1943 273 2000 videri
286 1944 448 2014 debet‚nisi
465 1944 546 2016 prius
560 1945 628 2017 quid
646 1943 675 2001 in
691 1945 758 2019 ipse
772 1949 851 2002 secta
868 1942 936 2001 muli
948 1941 1006 2013 eit,
1056 1945 1198 2017 jiciebant
1213 1941 1415 1999 conculcatum
1427 1947 1457 1998 et
1476 1941 1661 2015 prodigatum
1673 1945 1804 1999 veterum
1828 1958 1882 2015 pa·
2003 1941 2007 1948 '

178 2039 263 2092 certo
278 2032 467 2105 dignoscatur
481 2036 509 2089 et
524 2034 662 2107 probetur
673 2034 746 2107 (cap.
762 2035 802 2108 3).
1059 2036 1139 2089 trum
1163 2047 1283 2088 suorum
1306 2030 1522 2098 austeritatem,
1557 2047 1647 2102 qnam
1670 2029 1790 2104 ipsimet
1821 2035 1883 2087 tam

220 2137 484 2214 ufgobqnmhnicp
499 2155 530 2196 3,
546 2138 644 2212 10gum
657 2140 694 2196 ab
710 2140 940 2214 imperatoribus
962 2145 1003 2202 q„
1060 2121 1209 2192 audacter,
1227 2135 1316 2192 quum
1326 2119 1448 2192 impune
1463 2120 1728 2191 pessumdederant
1750 2120 1826 2191 (cap.
1842 2119 1883 2192 d).

181 2233 286 2284 tarum
301 2229 472 2301 praescripto
487 2229 523 2284 ad
537 2229 684 2286 serendos
699 2229 902 2304 tollendesqua
924 2235 1003 2290 (ibri-
1095 2226 1214 2284 Transit
1228 2227 1297 2283 inde
1310 2227 1420 2283 Auctor
1433 2230 1534 2282 noster
1562 2226 1598 2282 ad
1616 2223 1691 2282 lulaa
1705 2229 1734 2282 et
1762 2225 1885 2282 mentita

187 2315 416 2374 stianeetenari.
433 2315 540 2375 Verum
562 2334 683 2391 prorsus
707 2317 808 2393 inepta
823 2327 879 2390 est,
908 2321 1006 2396 lnquit
1058 2316 1178 2372 intends
1200 2313 1432 2372 Christianorum
1459 2312 1593 2386 crimina,
1610 2330 1674 2387 qun
1695 2312 1816 2386 quidem
1843 2311 1885 2368 iit

183 2403 396 2472 Tertullianus,
413 2404 475 2462 bec
498 2406 637 2479 exceptio.
663 2407 755 2466 Nemo
778 2408 933 2468 animulis
958 2410 1004 2468 in·
1059 2403 1156 2469 diluit.
1174 2407 1207 2460 ut
1221 2403 1349 2477 ipsosub
1370 2401 1406 2460 iit
1421 2405 1481 2460 [tm
1501 2401 1624 2474 alienon
1641 2417 1730 2474 quum
1758 2399 1885 2474 gentile!

177 2497 267 2566 jueta
280 2493 509 2568 obligaturlege,
524 2510 589 2568 que
602 2501 654 2553 aut
667 2497 777 2553 bonum
794 2499 939 2572 probibet,
955 2504 1007 2558 aut
1058 2493 1177 2551 illorum
1193 2492 1290 2568 reipsa
1300 2508 1437 2550 reosesse
1450 2492 1669 2550 evidentissime
1688 2493 1882 2548 demonstret.

182 2582 323 2655 iniquum
340 2581 450 2656 aliquid
474 2585 607 2658 imperat.
627 2585 717 2658 Atqui
736 2586 811 2644 talea
825 2593 909 2646 erant
936 2606 1005 2648 san·
1060 2583 1192 2642 Primum
1206 2583 1286 2641 enim
1308 2580 1653 2655 Christianialongojum
1667 2578 1883 2653 temporeinta·

182 2669 251 2728 cite
266 2672 295 2728 in
311 2671 492 2730 Christianos
507 2673 726 2752 tegeapnhelss
743 2679 1005 2748 pretereaetbuici
1060 2674 1227 2742 mabuntur,
1251 2673 1336 2746 quasi
1360 2688 1464 2729 cernes
1486 2669 1574 2729 occisi
1598 2687 1657 2729 ase
1679 2669 1763 2744 pueri
1788 2667 1881 2726 lerino

182 2762 230 2818 irc
246 2777 302 2817 non
315 2765 447 2832 poterant
461 2761 560 2834 plures
574 2764 678 2834 esuis,
706 2762 832 2838 aliisque
858 2765 1007 2839 legislato-
1061 2777 1143 2818 mare
1157 2765 1302 2833 vorarent,
1314 2777 1348 2818 aa
1363 2765 1466 2834 posteo
1479 2760 1632 2818 exstinctis
1660 2774 1768 2816 oenum
1792 2772 1882 2830 opera

182 2849 282 2919 ribus,
305 2850 441 2907 humane
462 2849 628 2908 infirmitati
660 2853 805 2920 obnoxiis,
823 2854 917 2922 datas,
943 2871 1008 2928 qun
1062 2849 1237 2921 luminibus,
1251 2850 1281 2907 in
1293 2849 1536 2923 quolibotatupro
1553 2849 1707 2905 etinceatu
1722 2845 1885 2903 loedisaima

183 2938 308 3012 quidem
323 2939 471 3010 quievisse
488 2945 558 2996 sunt
573 2944 624 2998 eut
648 2941 741 2999 noxie
759 2947 811 3000 aut
825 2943 955 3018 inutiles,
971 2946 1008 3003 ob
1062 2938 1275 2996 immittentur·
1303 2940 1341 2994 At
1368 2942 1446 2998 terit
1470 2938 1544 2994 nihil
1572 2936 1689 2996 &offitii
1702 2939 1776 3004 titi·
1793 2948 1883 3006 Tum

180 3027 254 3084 aliie
270 3029 456 3098 postmodum
481 3030 652 3096 emendate,
678 3036 831 3104 truncate,
863 3035 1008 3108 abrogatas
1062 3028 1245 3085 Christianos
1267 3031 1428 3093 tantorum,
1452 3025 1476 3083 si
1501 3043 1601 3085 revers
1619 3025 1708 3082 ebiis
1726 3027 1897 3098 perpetra·
1996 3099 1999 3110 Ι

181 3115 334 3173 ruerant?
349 3117 451 3174 Nonne
474 3121 553 3176 enim
575 3117 654 3193 leges
682 3120 804 3194 Lycurgi
828 3138 845 3177 a
875 3124 1008 3180 psoedae.
1063 3118 1175 3184 rentur,
1191 3116 1350 3173 eriminum
1374 3115 1554 3172 convincere.
1580 3115 1635 3171 Tot
1657 3113 1805 3170 enimvero
1818 3108 1884 3166 illo·

182 3205 309 3274 moniis,
326 3223 422 3263 nonne
436 3205 516 3281 leges
532 3207 625 3282 Pupiu
642 3209 678 3266 de
690 3209 888 3283 suscipiendis
909 3211 1008 3270 liberis
1064 3221 1130 3262 rum
1146 3203 1258 3262 inimisit
1274 3210 1304 3261 et
1318 3203 1418 3262 hostes
1428 3219 1545 3278 temper
1561 3203 1764 3273 luerunidluoi
1776 3197 1881 3265 Judffli·

186 3312 207 3351 a
221 3293 325 3352 Secum
338 3295 513 3367 imperatore
528 3301 579 3352 aut
603 3303 750 3367 correcte,
775 3302 827 3355 aut
850 3299 1009 3373 antiquata
1064 3297 1136 3366 quot
1159 3293 1279 3364 milites,
1299 3298 1371 3366 quot
1397 3291 1562 3360 domestici,
1588 3294 1661 3366 quot
1682 3305 1756 3362 pane
1781 3301 1884 3345 eorum

183 3383 279 3442 sunt?
293 3384 397 3441 Nonne
424 3383 470 3440 lex
488 3385 524 3441 de
539 3385 734 3444 creditoribus
757 3386 787 3443 iu
808 3389 881 3444 sos
912 3393 1011 3461 portes
1063 3399 1179 3452 uxores,
1195 3382 1254 3439 imo
1268 3385 1297 3439 et
1306 3381 1432 3456 gentiles
1445 3381 1591 3449 homines,
1612 3380 1662 3452 qui
1678 3376 1747 3436 illos
1767 3389 1884 3448 semper

181 3472 323 3530 secandis
353 3473 511 3530 immutata
540 3474 630 3530 luit?
657 3479 716 3532 Nec
747 3475 855 3533 mirum
877 3477 1009 3550 quidem.
1063 3469 1415 3528 insectabuntur.Nullua
1435 3475 1534 3527 temen
1553 3465 1887 3527 exeistantalaoinora

181 3560 342 3619 Enimvero
358 3577 454 3634 nequa
479 3567 619 3631 vetustas,
646 3580 741 3635 neque
757 3566 885 3622 auctoris
914 3564 1010 3638 digni·
1064 3559 1183 3632 ognovit
1198 3575 1339 3632 coquum,
1358 3558 1511 3632 multoque
1533 3554 1781 3630 minusprodidil,
1807 3551 1883 3609 toa

181 3656 245 3716 tus,
261 3651 311 3708 scd
327 3649 448 3722 equitus
463 3650 526 3708 solo
538 3651 618 3725 leges
629 3654 826 3710 commendet.
840 3653 930 3711 Nullo
943 3671 1010 3712 vero
1062 3647 1109 3707 vel
1123 3647 1226 3705 iisdem
1251 3647 1425 3705 Christianis
1434 3647 1527 3722 pretio
1541 3646 1640 3719 aliquo
1654 3661 1743 3704 suum
1757 3641 1890 3698 vendidit

186 3753 322 3809 unquam
335 3739 465 3812 iniquior
476 3740 545 3809 tuit,
560 3756 647 3813 quum
663 3740 725 3810 illu,
737 3758 801 3815 que
816 3743 1010 3812 Christianos,
1063 3735 1223 3793 silentium.
1241 3737 1275 3792 ttt
1288 3751 1355 3794 vero
1370 3735 1438 3809 quis
1452 3735 1513 3792 beo
1527 3734 1652 3792 crimina
1674 3729 1883 3808 prodidisset?

184 3827 325 3886 obscum
343 3828 486 3885 ductaret
503 3845 622 3899 nomen,
634 3845 687 3888 nec
702 3830 802 3887 audita
816 3847 916 3900 cuasa,
941 3847 1012 3888 con·
1064 3825 1126 3882 Non
1141 3824 1297 3882 Christiani
1317 3823 1502 3898 quidam,qui
1513 3839 1570 3880 non
1585 3822 1685 3879 minus
1705 3817 1888 3893 scrupulose,

184 3917 322 3973 demnari
334 3917 458 3990 jubebat
472 3917 546 3991 (cup.
563 3917 601 3991 l).
1064 3930 1155 3987 quem
1170 3914 1357 3988 gentilessua
1374 3911 1508 3970 celebant
1520 3909 1668 3986 mysteria.
1683 3910 1783 3982 Neque
1796 3906 1886 3965 etiem

224 4023 372 4087 pugnem
389 4024 467 4081 ,nim
482 4042 540 4082 Ποῦ
557 4025 644 4082 modo
673 4042 748 4084 ων,
776 4031 804 4084 ,p
824 4026 944 4100 pnjmt„
958 4028 1010 4084 „d
1064 4002 1183 4074 ethnici,
1201 4001 1252 4077 qui
1267 4003 1304 4059 ab
1323 4003 1493 4060 eorumdem
1509 3999 1741 4058 thistiancrum
1765 3994 1887 4052 cratibus

181 4113 276 4169 etiam
289 4113 442 4185 tyrannice
457 4113 509 4182 sit,
524 4114 593 4171 inde
602 4113 803 4172 Tertullianus
817 4117 1011 4186 demonstret,
1065 4093 1185 4166 Ρθῦῑῑῦθ
1200 4092 1322 4160 0¹⁰¹¹1⁸b
1338 4091 1411 4164 ‘illd
1425 4091 1455 4146 5¹¹
1471 4089 1514 4147 ⁰5⁸
1530 4092 1676 4163 ssssfllssim'·
1692 4087 1767 4144 scire
1777 4081 1885 4188 ,ΡΜΜῙ

182 4199 257 4273 quie
270 4200 416 4268 Tiberius,
436 4218 495 4276 quo
521 4207 661 4274 regoeule
680 4201 881 4261 Christianum
903 4220 1011 4261 nomen
1066 4181 1226 4238 dflbi⁰¹¹⁰¹¹
1253 4183 1398 4282 Wlffl-
1423 4181 1460 4236 Ᾱῑ
1480 4178 1542 4250 ῑθῑῑ,
1574 4179 1669 4276 Fflmi·
1702 4173 1888 4248 inquiebant,

180 4306 239 4362 per
253 4287 348 4348 varies
358 4290 465 4348 muudi
480 4294 577 4363 partes
594 4291 784 4349 disseminari
798 4290 1010 4364 coepit,uuditis
1066 4269 1216 4327 ⁰⁰¹¹¹ffl¹¹¹¹¹
1231 4270 1293 4327 haei
1308 4259 1887 4370 dwulssffl{1¹⁰2leTuldnfssmllssliffl·

183 4375 299 4436 Christi
328 4377 491 4449 miraculis,
521 4395 589 4437 eum
622 4381 745 4438 deorum
769 4396 893 4437 numero
921 4379 1014 4439 voluit
1066 4375 1129 4432 (ΝΒ
1146 4358 1298 4432 melliti
1312 4373 1429 4431 ⁸⁰¹¹¹ll⁰l
1443 4354 1589 4458 ⁰l¹i¹¹fT⁶J¹
1604 4353 1725 4424 ¹¹1V¹d182
1740 4351 1785 4408 ΨΘ]
1810 4349 1888 4419 θᾱὶῡ,

183 4465 307 4526 ascribi.
324 4468 406 4536 Quod
430 4468 549 4542 quidem
580 4467 645 4539 etsi,
673 4470 807 4526 obstante
821 4473 936 4538 senatu,
952 4484 1011 4526 non
1067 4452 1119 4505 Νι
1131 4447 1310 4522 ωψίθῑῡῦθι
1327 4445 1462 4504 lulium
1481 4443 1646 4516 dsscllllendi
1664 4439 1890 4514 ἾΟῙΠΡΜΟΜΠ·

184 4555 362 4629 perleoerit;
376 4556 407 4614 in
423 4574 478 4615 sua
495 4561 593 4616 tamen
611 4557 775 4632 permansit
801 4557 959 4626 sententia,
983 4561 1013 4615 at
1026 4535 1050 4598 Ῑ)
1065 4537 1115 4593 (Ῐῑῦ
1128 4539 1242 4593 imum
1260 4538 1439 4609 imiimi·
1455 4533 1586 4607 ‘iffindiu
1603 4531 1745 4588 mutim
1758 4529 1834 4603 (⁰⁸P·
1848 4528 1890 4600 ⁷)·

184 4645 425 4704 Christianorum
438 4647 661 4705 accusatoribus
687 4645 850 4720 perieulum
888 4647 1013 4705 commi·
1104 4643 1195 4717 Urget
1205 4640 1407 4700 Tertullianus
1420 4645 1482 4698 tem
1506 4636 1660 4696 horribilia
1676 4652 1741 4694 esse
1754 4633 1806 4692 illa
1835 4633 1891 4690 lia·

183 4736 276 4790 natus
292 4737 348 4792 est.
378 4735 419 4793 lix
440 4736 665 4794 successoribus
689 4739 789 4792 autem
814 4734 895 4792 illiue
924 4740 1012 4806 Nero,
1067 4733 1151 4808 gitis,
1166 4736 1232 4789 uta
1256 4731 1373 4788 nemine
1394 4730 1472 4788 credi
1499 4742 1629 4802 unquam
1653 4725 1820 4797 debuerint,
1841 4725 1893 4781 aut

185 4821 538 4897 omniumprimus,beu
559 4823 776 4898 quumimpius
794 4824 1014 4894 sceleratasque
1054 4821 1218 4904 ‘potuerint
1253 4819 1407 4878 committi.
1450 4815 1648 4876 sectatoribus
1685 4815 1794 4889 qnippe
1830 4812 1893 4872 suis

183 4913 278 4969 bomo
289 4913 295 4970 l
308 4911 471 4970 Cesarieno
485 4912 584 4987 gladio
612 4914 752 4971 adsersus
766 4912 949 4972 Christianos
973 4914 1015 4971 le·
1068 4911 1231 4970 Christiani
1247 4913 1388 4966 eternam
1406 4906 1573 4964 felicitatem
1589 4903 1808 4979 promittebant.
1822 4903 1895 4970 Quis

184 4999 288 5058 rociit.
298 5001 483 5060 Domitianus
499 5019 581 5073 sero,
596 5001 767 5060 erudelilete
781 5001 892 5060 illinon
907 5003 1015 5078 impar,
1068 5005 1169 5058 entem
1184 4999 1213 5054 in
1229 4999 1363 5056 animum
1378 4996 1435 5054 aibi
1449 4996 1580 5068 inducat,
1591 5011 1656 5052 eam
1671 4991 1894 5066 pollicitoseese

185 5105 261 5148 cum
278 5091 379 5148 eadem
393 5094 546 5159 tentasset,
560 5107 630 5148 suos
645 5092 702 5149 cito
719 5091 859 5164 repressit
881 5096 1014 5150 conatus.

186 5177 239 5234 Ab
256 5181 380 5252 utroque
395 5179 494 5254 quiem
505 5179 592 5254 louge
617 5179 713 5237 abiait
728 5183 844 5238 Marcus
868 5179 1015 5252 aurelius,

186 5265 245 5341 qni
260 5266 494 5327 Christianorum
511 5269 641 5327 militum
656 5269 1015 5344 precibusimpetratodi-

183 5355 305 5414 vinitas
321 5357 426 5430 imbre,
438 5358 531 5432 jussit
545 5359 576 5416 in
592 5375 641 5415 eoa
656 5357 786 5416 severius
810 5357 1015 5428 animadverti,

183 5443 243 5519 qui
258 5443 366 5503 Christi
380 5451 540 5506 sectatores
555 5449 738 5505 accusarent.
754 5449 848 5504 Antea
861 5447 1016 5521 Traianus,

185 5531 277 5592 nulla
289 5533 350 5608 lege
364 5535 433 5610 lata,
446 5535 597 5610 prohibuit
611 5553 661 5595 eos
675 5535 887 5609 inquirl.Nulla
902 5551 1018 5610 quoque

185 5619 334 5682 adsersus
349 5622 418 5683 illos
432 5629 528 5684 exstet
540 5625 752 5700 imperatorum
772 5624 1018 5698 Adriani,Vespa·

1068 5088 1192 5148 bomini.
1213 5087 1264 5162 qui
1280 5087 1422 5145 inluuiem
1433 5085 1587 5152 occiderat,
1598 5098 1705 5158 panem
1729 5081 1894 5140 comederet

1069 5178 1179 5236 recenti
1192 5175 1272 5233 illius
1283 5175 1426 5249 sanguine
1435 5173 1640 5241 intinctum,eu
1655 5174 1758 5245 postes
1767 5171 1894 5228 nutando

1069 5267 1183 5324 incestu
1213 5263 1423 5339 pollueretur?
1443 5263 1504 5322 lmo
1533 5279 1600 5319 vero
1621 5259 1733 5318 nemini
1762 5275 1895 5332 unquam

1069 5354 1242 5430 persuaderi
1258 5353 1364 5429 poterit
1387 5352 1495 5411 bscub
1509 5349 1637 5422 ethnico,
1652 5349 1698 5408 cui
1719 5347 1841 5421 pudoris
1867 5351 1897 5405 et

1072 5442 1269 5501 humanitatis
1285 5442 1394 5516 ediquis
1410 5457 1516 5499 sensus
1531 5439 1581 5512 ait,
1596 5437 1729 5512 potuisse
1740 5437 1812 5496 lieri.
1840 5435 1897 5492 Ne·

1073 5531 1411 5606 quedixerieraligionla
1431 5528 1602 5586 Christiane
1612 5525 1780 5586 candidatis
1789 5523 1898 5582 laotm

1074 5620 1111 5680 ab
1131 5619 1199 5680 aliia
1214 5621 1358 5680 fraudem.
1379 5618 1449 5688 Quis
1475 5616 1554 5676 anim
1569 5631 1634 5674 eam
1652 5614 1757 5690 ,iacere
1781 5609 1898 5688 potuit?
