4050 6186
73 5583 80 5592 ·
166 5555 243 5624 bret,
265 5557 355 5616 etiam
387 5561 489 5616 Ainea

149 348 207 410 lle
689 352 950 418 nisssnnanlo
972 354 1023 416 nil
1047 355 1149 416 VERA
1174 358 1316 420 AETATM
1796 364 1855 426 {80

149 480 246 537 menis
272 479 466 539 instituendis
493 484 664 556 prefectum
693 486 785 548 tuisse
810 487 974 553 confirmat,
988 489 1017 558 Α
1030 493 1062 546 Ρ.
1079 491 1109 546 C.
1125 489 1159 547 N.
1177 489 1270 548 cclv.
1286 494 1382 564 Atque
1397 490 1440 549 sic
1455 490 1538 549 nulia
1561 491 1606 549 vis
1621 492 1746 550 inisrtur
1759 495 1858 552 verbis

148 568 340 642 dumiquils
364 587 396 628 se
421 571 603 630 incremento
631 573 803 633 Christiana
826 575 976 650 religionis
1031 577 1215 648 Tertulliani,
1231 581 1666 653 quequidam,siiiludiediti
1682 581 1858 657 Carthagine

148 660 214 730 ejus
236 659 364 717 asseclas
388 661 520 719 ladeudo
546 664 722 737 opponebat,
751 681 879 739 eantque
906 683 977 722 xum
1031 665 1181 738 dicuutur,
1203 669 1252 725 ubi
1276 669 1421 742 Carthago
1447 671 1511 743 ipss
1525 670 1646 744 premio
1670 687 1727 728 non
1743 677 1860 744 poterat

148 763 294 806 annornm
310 749 412 822 luisse,
427 767 494 809 eum
505 769 572 810 enm
584 771 643 811 xvir
657 755 751 812 atatis
761 770 872 813 annam
883 755 978 828 egisse
1032 755 1146 827 donari,
1162 773 1220 814 non
1235 758 1308 816 satis
1322 757 1396 815 bene
1411 758 1546 817 videntur
1560 759 1714 834 coherere.

150 835 273 896 ‘immi
288 856 321 897 ⁰⁰
337 844 478 916 “millib
497 859 556 916 ‘1¹¹⁰
572 847 655 918 pater
669 846 734 917 iiii!
751 846 877 903 semidii
890 845 977 903 morti
1031 860 1047 935 §
1064 862 1106 918 lo.
1122 893 1157 904 —
1172 864 1251 920 Libri
1268 869 1299 934 V,
1316 866 1365 937 qai
1378 875 1523 938 supersunt
1547 867 1682 923 aduersus
1694 867 1860 924 Marcionem

150 929 364 1002 tradereturlc.
391 931 419 997 2,
442 949 470 1006 p.
496 933 571 1008 258),
596 933 674 1008 quod
698 936 807 994 iactum
836 940 883 993 est
900 953 978 994 auno
1068 950 1185 1006 quorsom
1214 937 1322 1008 primns
1352 939 1473 1008 refertar
1504 937 1541 995 ad
1568 955 1635 996 ann.
1652 973 1655 978 ·
1671 937 1774 1010 corn,
1807 943 1860 996 ont

152 1017 267 1075 decimo
281 1019 389 1078 severi,
406 1021 472 1079 ,qam
488 1022 514 1080 gp
529 1024 580 1096 quq
596 1028 694 1082 gamen
711 1030 839 1100 ΜΗ)
852 1025 978 1100 opinari·
1070 1004 1172 1063 CCl'lll
1180 1015 1315 1073 nosteros
1328 1007 1421 1068 datie
1429 1011 1524 1068 erario
1537 1025 1596 1067 ease
1609 1009 1731 1068 eccetan.

153 1111 288 1164 nostrum
324 1108 457 1168 libellum
488 1112 631 1186 scriptum
659 1131 723 1171 esse
751 1132 820 1172 ann.
850 1112 978 1191 cuv111;
1069 1116 1178 1170 Preter
1191 1112 1269 1171 bunc
1284 1114 1458 1172 Tertulliani
1474 1115 1583 1172 librum
1599 1120 1760 1188 supersunt
1773 1131 1809 1172 ex
1822 1114 1863 1172 iis

154 1195 254 1254 dicant
268 1197 341 1255 mihi
356 1205 463 1270 lamen,
481 1217 611 1276 quonam
631 1204 699 1276 jure
713 1205 740 1260 ei
767 1221 845 1262 anno
860 1204 982 1262 calami·
1035 1202 1083 1275 qui
1101 1202 1201 1276 scripti
1216 1207 1297 1273 suat,
1313 1219 1381 1262 oum
1402 1206 1465 1276 jam
1480 1203 1517 1261 ab
1541 1202 1710 1263 orthodoxis
1735 1204 1861 1278 degene-

154 1289 231 1343 tates
268 1289 396 1346 maxima
434 1291 670 1351 Christianorum
698 1295 812 1367 possint
839 1311 980 1366 asserere,
1035 1294 1140 1360 resset,
1155 1291 1290 1350 Adversas
1313 1291 1478 1350 Marcionem
1503 1291 1571 1348 libri
1592 1309 1620 1361 v,
1646 1308 1720 1364 quoe
1736 1291 1863 1349 dubium

158 1390 284 1446 quarum
300 1377 383 1436 nulla
397 1381 494 1437 tamen
507 1382 584 1453 apud
599 1383 875 1458 retereasoripiores
888 1388 983 1442 exstat
1036 1396 1094 1436 non
1118 1388 1162 1438 est
1189 1380 1272 1454 argui
1301 1381 1574 1439 Montsnieticorum
1603 1397 1736 1438 errorum
1763 1398 1863 1454 posse.

159 1467 324 1523 memorial
340 1470 401 1536 Quo
417 1470 494 1527 186
513 1470 576 1527 loco
595 1470 668 1529 libet
690 1473 830 1530 admirari
851 1478 893 1531 tot
912 1474 982 1530 doc·
1036 1469 1161 1539 Etenim,
1177 1469 1202 1526 si
1218 1471 1345 1527 maxime
1360 1471 1451 1528 dubia
1465 1471 1614 1528 videretur
1634 1469 1728 1543 ipsius
1747 1470 1865 1528 Tertul-

159 1550 344 1613 tissimorum
358 1558 487 1615 virorum
497 1558 657 1630 levitatem,
669 1563 731 1635 qui,
747 1579 813 1620 oum
829 1562 919 1621 semel
930 1563 984 1620 im·
1037 1556 1108 1614 lieni
1124 1559 1267 1632 prolessio
1293 1559 1355 1632 (lib
1381 1576 1419 1628 lv.
1444 1576 1470 1617 0·
1496 1559 1553 1632 22),
1581 1576 1641 1633 ‘1⁰⁸
1664 1575 1734 1616 ⁸⁰⁰³
1749 1559 1819 1616 (Ποῖ)
1834 1562 1866 1614 θῑ

159 1642 305 1702 bibissent
332 1647 500 1721 opinionem
528 1650 560 1710 de
594 1651 737 1723 Scorpione
764 1651 848 1709 libris
875 1652 984 1710 uostris
1037 1646 1194 1720 Psychioos
1225 1648 1298 1704 m
1327 1649 1358 1704 in
1385 1647 1449 1705 loco
1477 1648 1514 1705 de
1541 1648 1653 1704 Eustasi
1682 1647 1865 1730 dissentire3

160 1743 257 1797 contra
271 1739 442 1794 Marcionem
456 1739 626 1812 posteriore,
637 1739 720 1797 obliti
735 1747 806 1800 sunt
819 1744 895 1814 ejus,
906 1743 983 1815 quod
1038 1753 1133 1809 neque
1147 1737 1214 1811 quis
1229 1737 1358 1794 visorum
1375 1736 1517 1794 rationem
1532 1736 1640 1795 hebere
1658 1736 1738 1803 velli»
1755 1737 1867 1810 quibus

160 1821 234 1877 nibil
247 1823 287 1880 eit
301 1823 331 1880 in
346 1824 470 1883 historia
484 1827 612 1902 turpius,
628 1844 717 1902 quem
734 1833 841 1887 temere
856 1831 984 1886 credere.
1039 1824 1096 1882 ista
1110 1827 1236 1895 decreta,
1254 1825 1305 1894 eit,
1334 1826 1508 1883 confirmata
1533 1826 1624 1883 tuisse
1652 1824 1684 1899 (l.
1701 1843 1745 1895 nr,
1767 1843 1793 1882 o.
1808 1827 1867 1896 2⁴3

163 1910 238 1968 Nam
253 1913 279 1970 si
294 1929 347 1987 ego
363 1923 437 1972 duas
452 1916 614 1974 sententies
629 1917 697 1974 ierri
721 1917 847 1988 videam,
864 1919 986 1976 alteram
1042 1931 1108 1984 v,c.
1132 1914 1179 1988 8);
1209 1915 1349 1989 quoniam
1378 1931 1481 1972 omnes
1504 1913 1553 1971 isti
1576 1919 1674 1973 comm
1701 1913 1870 1972 Marcionem

162 1998 352 2072 opinabilem,
369 2005 420 2060 sod
444 2005 527 2063 nullo
549 2011 680 2063 veterum
709 2007 885 2082 scriptorum
905 2008 988 2065 testi·
1040 2003 1108 2061 libri
1123 2020 1181 2061 non
1198 2008 1268 2061 ennt
1284 2021 1342 2061 uuo
1356 2009 1487 2077 tempore
1500 2004 1589 2061 editi:
1615 2009 1715 2063 tamen
1743 2004 1774 2060 in
1788 2001 1866 2060 libro

164 2089 258 2146 monio
280 2089 476 2164 alliciendam,
505 2093 627 2150 alteram
652 2096 694 2152 ite
721 2099 932 2169 comparatam,
954 2101 988 2155 ut
1040 2095 1106 2166 ejus
1121 2093 1288 2167 argumenti
1298 2094 1392 2165 primo
1407 2093 1530 2150 Montani
1537 2092 1723 2166 disciplinam
1734 2096 1764 2150 et
1777 2109 1864 2149 suem

163 2193 222 2250 pra
251 2194 282 2236 ss
311 2179 384 2238 ierat
412 2181 467 2240 hoo
495 2181 625 2240 veritatis
653 2184 842 2258 presidium:
871 2186 986 2260 quidni,
1040 2182 1120 2254 dicit,
1136 2190 1164 2239 et
1178 2199 1210 2240 se
1225 2182 1342 2240 decreta
1356 2199 1410 2239 sua
1433 2184 1468 2240 de
1490 2181 1637 2256 fugiendis
1653 2181 1786 2256 repetitis
1809 2197 1865 2238 nu·

160 2267 262 2325 relicte
276 2267 339 2342 illa,
356 2270 432 2329 hano
454 2275 615 2346 sequerer?
637 2273 725 2346 Atqui
740 2274 795 2332 hoo
821 2273 926 2348 presto
942 2281 988 2334 est
1041 2271 1109 2345 ptiis
1121 2271 1399 2329 auctoreParaoleto
1410 2272 1616 2330 defendentem
1628 2272 1665 2344 (c.
1677 2272 1722 2343 29)
1735 2287 1787 2340 ;ae
1801 2271 1867 2344 ipsa

160 2364 380 2430 argumentum,
410 2361 500 2434 idque
537 2363 730 2434 premendum
769 2365 857 2421 eiiam
897 2370 986 2438 atque
1039 2361 1271 2434 temporisraiio
1296 2362 1382 2418 docet
1407 2360 1600 2418 eumlibrum
1625 2361 1769 2434 seriptum
1789 2375 1866 2431 esse,

159 2446 259 2520 etiam,
274 2448 421 2521 siqnidem
437 2455 538 2522 postea
553 2451 781 2523 ostenderimus,
796 2452 906 2511 librum
920 2459 985 2512 Ter-
1039 2457 1197 2524 postquam
1225 2467 1243 2506 a
1271 2450 1402 2523 partibus
1429 2450 1676 2508 Montanistarum
1708 2450 1771 2523 jam
1800 2463 1867 2505 esse

158 2535 276 2594 tulliani
290 2538 327 2594 de
343 2537 433 2596 Pellio
446 2555 511 2597 esee
524 2539 554 2596 in
569 2557 681 2598 anunm
705 2541 812 2598 ccviii
827 2544 984 2616 conjicien-
1039 2547 1177 2613 coeperat.
1193 2534 1241 2597 De'
1257 2556 1316 2612 quo
1331 2539 1423 2597 altero
1448 2539 1523 2612 loca,
1539 2555 1627 2613 quern
1652 2537 1866 2613 disputandam

160 2625 242 2682 dum.
258 2626 392 2700 Namque
408 2628 438 2684 iu
453 2645 487 2686 eo
502 2629 538 2700 lc.
564 2629 590 2704 l)
602 2630 707 2702 pendeo
727 2647 772 2690 oos
795 2631 902 2706 inquit,
918 2632 985 2690 Cor·
1040 2629 1235 2702 sumpsimus,
1251 2645 1317 2685 cum
1336 2628 1470 2686 dubitare
1492 2645 1528 2686 nc
1544 2629 1574 2684 in
1601 2632 1730 2685 mentem
1745 2625 1865 2699 quidem

160 2712 359 2785 thaninimsee,
388 2720 444 2774 tam
479 2733 624 2792 prosperos
660 2723 823 2794 temporam,
856 2739 918 2778 cam
946 2725 986 2780 ita
1039 2717 1152 2776 venerit
1167 2717 1385 2775 mulliseorum
1409 2717 1460 2790 qai
1485 2717 1515 2774 ia
1541 2715 1866 2774 deliniendalibrornm

159 2808 250 2874 occat,
279 2822 312 2862 oc
335 2807 428 2880 jorot,
455 2808 566 2864 latitas
592 2809 732 2867 denotare.
768 2811 848 2868 Pacis
880 2811 940 2870 liceo
960 2820 986 2870 et
1040 2806 1215 2866 Tertulliani
1239 2811 1323 2864 etate
1350 2806 1532 2876 laborarunt,
1559 2811 1588 2864 et
1615 2807 1652 2863 ab
1678 2805 1745 2863 aliis
1772 2804 1866 2862 multa

161 2908 281 2952 onnonoe
304 2895 374 2968 otio,
390 2897 424 2953 ab
440 2897 592 2969 imperioel
604 2915 623 2955 a
636 2900 705 2957 ooeio
715 2901 784 2957 bene
796 2905 846 2959 eet.
862 2900 915 2958 Ubi
927 2918 985 2975 quo
1040 2913 1192 2970 perperam
1206 2895 1286 2953 dicta
1311 2897 1381 2967 sint,
1407 2894 1547 2954 subtilius
1561 2897 1694 2954 videmur
1712 2895 1818 2965 uobis,
1834 2907 1865 2949 ra

162 2983 250 3040 modo
266 2983 468 3042 Tertullianus
481 2987 627 3059 potuisset
644 2989 785 3062 temperis
805 2991 986 3064 prosperita·
1040 2988 1147 3061 sepius
1162 2986 1301 3058 cogitata,
1330 2985 1481 3060 disputare
1509 2985 1624 3042 debere.
1650 2989 1745 3057 Atque
1773 2988 1806 3040 ut
1828 2983 1866 3039 de

162 3073 221 3128 tem
236 3087 476 3147 commemorare,
492 3080 544 3132 ant
567 3076 603 3133 ad
627 3093 674 3134 res
689 3078 800 3136 nullius
823 3078 909 3152 plane
923 3097 986 3136 me·
1040 3075 1115 3133 libro
1130 3075 1225 3149 primo
1240 3075 1371 3148 primum
1395 3076 1539 3145 dicamas,
1568 3089 1654 3132 nemo
1670 3078 1716 3131 est
1737 3073 1788 3145 qai
1800 3073 1865 3144 ejus

162 3161 265 3233 menti,
281 3163 384 3236 quales
406 3169 477 3221 snut
501 3164 563 3223 ista
579 3167 615 3223 da
640 3165 728 3238 pallio
749 3184 845 3242 nuga,
861 3169 986 3226 descen·
1040 3169 1154 3222 atatem
1169 3170 1386 3222 controversam
1402 3181 1466 3223 esse
1493 3165 1581 3222 dieat.
1595 3168 1683 3221 Recte
1701 3163 1822 3236 quidem
1837 3165 1867 3218 et

160 3241 229 3307 dere
256 3252 293 3308 ob
309 3253 389 3324 pacis
418 3253 487 3322 otia,
510 3253 535 3312 si
563 3256 744 3328 gravissime
771 3261 835 3314 tum
860 3241 1023 3316 luissentG
1041 3254 1114 3311 satis
1130 3253 1204 3310 bene
1218 3277 1226 3324 ς
1242 3259 1287 3310 cst
1305 3255 1384 3310 enim
1408 3261 1510 3328 aperta
1523 3255 1589 3328 ejus
1615 3253 1657 3310 rei
1683 3256 1712 3310 at
1732 3249 1867 3326 ospitalis

161 3338 391 3398 christianorum
407 3343 600 3413 calamitates,
617 3344 720 3418 quales
735 3360 786 3404 sas
796 3347 826 3403 in
839 3349 986 3420 Scorpiooe
1040 3341 1209 3401 Tertulliani
1224 3343 1367 3416 proleseio
1383 3342 1416 3417 (l.
1433 3361 1454 3413 r,
1470 3361 1495 3402 o.
1511 3345 1569 3416 15),
1586 3343 1638 3416 qni
1660 3358 1737 3400 anno
1752 3340 1867 3398 decimo

161 3427 318 3504 depingit?
333 3433 435 3505 ltaque
450 3449 540 3506 quam
562 3433 612 3490 alii
627 3435 687 3491 iere
708 3436 910 3509 quinquennio
925 3442 986 3494 tar·
1040 3431 1144 3506 quinto
1160 3429 1257 3489 Severi
1274 3431 1351 3489 bunc
1365 3432 1507 3489 libruma
1529 3449 1560 3490 se
1582 3431 1779 3505 compositum
1794 3429 1866 3487 iate·

160 3518 386 3593 diasputarunt
410 3523 552 3596 scriptam
580 3519 754 3598 Scorpiocen,
785 3525 987 3600 priusutique
1040 3528 1099 3580 tur.
1116 3523 1173 3579 Sed
1194 3537 1263 3577 cum
1287 3521 1323 3578 de
1351 3527 1521 3580 ceterorum
1547 3526 1631 3580 etate
1656 3520 1730 3578 nihil
1756 3519 1867 3590 dicant,

161 3597 305 3678 prodiisse
329 3609 473 3680 arbitror,
501 3629 589 3685 quarn
617 3613 693 3683 ieta,
722 3631 786 3687 quoa
815 3619 985 3689 supersunt,
1040 3611 1105 3682 ipso
1126 3609 1242 3668 silentio
1268 3627 1318 3668 eos
1346 3611 1498 3669 declarant
1520 3612 1654 3685 ejusdem
1680 3611 1867 3666 atatisesse.

161 3695 302 3756 adversus
317 3701 489 3758 Marcionem
502 3701 727 3776 disputationes,
740 3709 769 3760 et
781 3704 986 3778 annoquidem
1041 3701 1122 3767 Quae
1138 3700 1224 3774 longe
1246 3717 1332 3758 secas
1347 3706 1401 3758 est.
1426 3705 1500 3758 Nam
1521 3717 1556 3758 ex
1582 3699 1681 3758 verbis
1705 3699 1742 3756 iis
1757 3698 1868 3772 quibus

162 3784 245 3843 CGlll
260 3791 311 3844 aut
322 3788 420 3860 CCIV,
444 3791 530 3863 eujus
553 3791 713 3850 Eusebium
737 3797 842 3850 testem
857 3794 987 3850 rectissi·
1041 3788 1127 3846 linem
1143 3786 1217 3846 libro
1229 3789 1324 3862 primo
1339 3788 1539 3848 Tertullianus
1550 3788 1692 3862 imposuit
1706 3789 1774 3859 (25),
1785 3787 1866 3844 haud

163 3891 245 3931 mum
271 3876 425 3950 habemus,
455 3880 506 3951 qui
534 3897 681 3954 nusquam
710 3881 740 3938 id
769 3882 889 3954 quidem
916 3882 987 3940 dicit
1041 3878 1164 3936 obscure
1178 3878 1338 3952 colligitur,
1367 3893 1436 3936 aum
1464 3895 1529 3937 esee
1558 3875 1717 3952 separatim
1742 3877 1867 3948 editum,

163 3965 293 4036 omnino,
309 3967 371 4036 sed,
398 3967 439 4024 uli
467 3967 607 4040 vidimus,
631 3985 694 4042 qua
722 3969 802 4040 dicit,
827 3971 904 4028 idem
929 3972 988 4028 iere
1042 3968 1595 4041 oeterosdiversotemporeeaaratos.
1613 3966 1674 4023 Etsi
1691 3970 1866 4024 autemnon

162 4054 332 4112 ostendunt.
358 4055 413 4114 Ubi
438 4056 510 4114 mihi
540 4058 659 4131 quidem
690 4059 781 4132 magis
809 4059 905 4133 placet
932 4059 987 4117 iste
1041 4056 1361 4126 audemusdioere,an
1386 4057 1524 4126 alterum,
1549 4055 1868 4127 tertinmetqnertum

162 4144 304 4216 posterior
319 4162 426 4214 annus,
451 4151 569 4220 propter
583 4147 670 4204 ludos
683 4165 758 4220 quos
781 4165 874 4221 nuper
887 4151 987 4207 admo·
1042 4161 1175 4203 seorsum
1202 4150 1254 4202 aut
1282 4145 1474 4218 conjunctim,
1503 4163 1540 4203 en
1578 4159 1707 4218 quonam
1736 4147 1870 4216 tempore

162 4232 342 4292 dameditos
364 4235 564 4294 Tertullianus
592 4237 664 4294 dicit
685 4237 752 4311 (23).
782 4239 863 4304 Quod
880 4239 987 4312 siquis
1042 4234 1204 4308 scripserit,
1227 4233 1257 4290 id
1282 4235 1382 4291 tamen
1407 4233 1496 4292 dubio
1525 4249 1623 4292 carere
1645 4233 1868 4304 oontlrmamns,

162 4321 281 4380 malovit
295 4323 389 4381 editos
412 4325 529 4384 credere
552 4325 583 4380 in
607 4323 817 4384 decennalibus
841 4327 937 4386 Severi
959 4331 989 4385 et
1043 4324 1121 4400 quod
1146 4323 1284 4397 quintum
1313 4323 1433 4397 libram,
1461 4323 1662 4382 Tertullianus
1688 4338 1746 4380 non
1765 4322 1869 4379 eodem

162 4410 301 4469 Caracalli
317 4413 601 4486 quinquennalibus,
616 4431 674 4471 non
690 4416 859 4489 repugnabo
883 4417 988 4474 admo·
1044 4429 1112 4469 eum
1127 4411 1248 4486 reliquis
1264 4415 1396 4485 tempore
1416 4411 1550 4470 ediderit.
1574 4411 1623 4470 Met
1645 4412 1725 4468 enim
1749 4410 1825 4468 liber
1839 4411 1873 4467 oie

163 4499 253 4570 dum;
271 4501 410 4574 quoniam
424 4501 454 4559 id
476 4503 550 4560 satis
578 4507 660 4560 esta
689 4503 865 4576 Sponlemio,
879 4505 941 4563 viru
956 4507 986 4563 in
1043 4503 1252 4561 Memrreclione
1273 4501 1416 4560 recentior
1429 4517 1474 4575 eo,
1499 4518 1587 4577 quem
1602 4501 1634 4559 dc
1650 4501 1740 4558 Corne
1767 4499 1872 4558 Christi

163 4587 211 4646 his
226 4587 332 4648 litteris
347 4591 469 4663 probato
495 4606 566 4649 sane
593 4596 622 4648 et
645 4593 772 4650 maxime
793 4594 896 4665 nobili,
912 4595 988 4653 evic-
1005 4609 1027 4678 p
1042 4591 1208 4666 composuit
1221 4589 1265 4664 (de
1292 4593 1456 4664 desumet,
1484 4608 1510 4648 o.
1526 4592 1565 4665 2),
1590 4591 1623 4652 in
1639 4607 1697 4664 qao
1723 4589 1766 4663 (de
1781 4589 1872 4647 Corne

166 4679 655 4754 tamitil,1³ythiaalibiquoqua
677 4698 765 4754 quam
789 4682 920 4758 Delphis,
936 4701 989 4742 neo
1044 4679 1155 4750 Christi,
1171 4697 1235 4754 cap.
1258 4681 1287 4751 7)
1314 4679 1411 4737 locum
1440 4680 1549 4738 excitat
1575 4697 1610 4738 ex
1639 4679 1715 4738 libro
1739 4679 1874 4737 adversar

166 4767 197 4824 in
213 4767 301 4826 unius
316 4768 460 4842 Apollinis
476 4769 569 4844 Pythii
588 4769 740 4844 honorem,
764 4774 816 4830 sed
831 4773 988 4847 imperato·
1042 4771 1207 4828 Marcionem
1222 4775 1336 4844 quarto,
1350 4769 1387 4826 de
1402 4785 1461 4842 quo
1484 4774 1587 4842 postea
1600 4769 1744 4828 dicemus.
1767 4769 1872 4825 Enim·

166 4872 232 4913 ram
249 4858 338 4914 etiam
354 4861 418 4915 ncta
432 4859 537 4916 luisse.
550 4859 661 4918 Tamen
675 4877 728 4935 ego
743 4861 866 4922 alterum
882 4869 990 4939 pratu·
1042 4877 1110 4917 vero
1125 4858 1155 4916 in
1171 4859 1276 4933 quinto
1290 4857 1519 4917 Antimarcioais
1533 4857 1619 4931 libro,
1644 4876 1670 4916 c.
1688 4859 1732 4928 10,
1748 4858 1785 4915 ad
1801 4873 1870 4914 eum

164 4945 250 5004 lerim
264 4951 428 5022 propterea,
453 4949 531 5021 quod
555 4947 618 5006 ludi
636 4949 731 5024 Pythii
761 4951 821 5010 sint
836 4952 866 5010 in
880 4955 990 5012 Grecia
1042 4947 1176 5018 remittit,
1191 4965 1279 5022 quem
1302 4949 1338 5006 dc
1361 4949 1568 5007 Resurrectione
1590 4949 1769 5022 scripserat,
1791 4946 1872 5003 ande

165 5035 269 5108 quovis
284 5038 370 5096 tertio
385 5055 462 5097 auno
478 5037 668 5113 Olympiadas
691 5041 773 5112 editi,
793 5041 916 5116 ipseque
930 5047 990 5101 ter-
1044 5039 1247 5096 Tertullianum
1261 5041 1341 5112 patet
1354 5037 1411 5095 alio
1432 5043 1574 5112 tempore,
1590 5054 1681 5111 quam
1704 5053 1763 5111 quo
1778 5052 1871 5109 quar·

164 5124 223 5183 tius
237 5125 426 5200 Olympiadas
441 5127 557 5186 ccxlv
578 5145 674 5187 annus
696 5129 807 5188 incidat
832 5130 861 5188 in
877 5148 989 5191 annam
1043 5133 1109 5188 tum
1122 5127 1224 5201 edidit,
1239 5127 1375 5202 quintam
1390 5127 1421 5186 in
1445 5125 1540 5186 lucem
1564 5126 1733 5202 protulisse.
1756 5125 1874 5183 Pariter

199 5339 257 5414 (23)
269 5345 337 5415 (lap.
352 5343 381 5400 d.
396 5346 512 5419 Agonas
536 5343 619 5414 istos,
640 5346 823 5403 contentiosa
847 5343 991 5426 solemnia
1080 5345 1138 5418 (24)
1153 5345 1185 5400 la
1206 5343 1293 5429 epist.
1322 5341 1405 5424 ¹r.⁸d.
1429 5341 1523 5426 andr.
1552 5342 1716 5428 Moralium,
1745 5355 1811 5414 ques
1825 5341 1873 5424 est

166 5413 195 5466 et
210 5415 415 5486 superstitiosa
443 5415 605 5474 certamina
631 5420 797 5499 Greoorum
825 5421 855 5473 at
873 5415 990 5488 religio·
1044 5415 1262 5514 adjpctahppus
1285 5429 1440 5540 aperimini
1459 5429 1604 5473 univerae
1628 5431 1670 5472 rer
1695 5428 1872 5472 nummaria

165 5499 238 5542 ”¹¹¹³
254 5491 283 5543 θ*
296 5485 492 5563 l⁰¹⁰⁹¹⁸²¹¹T
509 5491 619 5616 ‘l-”T
635 5491 894 5617 litionis}
911 5486 992 5616 titt?
1045 5493 1183 5632 “lillis
1195 5486 1627 5630 lentescentis
1649 5557 1746 5630 aas
1774 5556 1872 5626 „pan

167 5627 290 5760 singpla
305 5631 437 5689 civitates
461 5575 635 5704 grammio
656 5631 834 5705 inquietant,
853 5576 991 5689 dsistam
1045 5635 1228 5688 reservatum
1252 5645 1308 5714 an
1331 5629 1562 5714 temporinam
1588 5637 1618 5689 et
1641 5597 1774 5715 ipsarur’u
1794 5624 1872 5710 §ori-

168 5701 221 5774 Pyt
245 5703 289 5761 ico
304 5719 395 5778 agone
409 5706 476 5778 post
490 5702 579 5762 stadii
595 5707 786 5762 senectutem.
1046 5707 1200 5776 pturarum
1215 5705 1474 5773 examinationem,
1488 5702 1598 5775 quibua
1613 5703 1744 5762 Marcion
1764 5700 1870 5756 utitur.
