4156 6194
184 351 223 416 95
256 403 263 419 ,
845 340 1112 408 'lllli'lULLlANl
1133 339 1239 404 tlte.
1852 321 1892 381 eo

186 503 261 546 serto
273 503 349 542 eru.
365 501 454 542 usuro
469 501 502 540 u.
519 501 545 541 s.
561 499 864 542 cusstosumuocoss.
874 485 901 536 S.
913 479 1010 536 Victo·
1027 477 1118 545 Atur
1133 473 1202 531 enni
1217 471 1276 542 llll,
1304 465 1415 526 mensis
1430 465 1457 537 l,
1476 462 1539 521 dies
1554 462 1599 518 28.
1624 459 1651 517 ls
1672 455 1783 516 diota2
1798 456 1888 530 Epist.

184 579 228 632 ria
245 576 326 631 liom.
345 573 449 630 Pontii.
467 591 607 642 annexu,
623 574 718 630 Severi
733 573 806 646 lmp.
827 589 856 644 v,
880 575 1011 626 Taurun—
1065 563 1294 639 discrepantiam
1311 560 1449 615 dirorum
1461 555 1491 610 in
1507 548 1707 610 Sacramentis
1721 547 1888 619 increpans,

187 680 296 721 ortuum
309 662 469 720 verisimile
483 668 528 720 ssi
556 663 705 720 memoriae
726 662 892 719 exercende
917 659 1011 732 gratis
1066 653 1263 712 mibividetur
1278 651 1314 708 ad
1330 647 1526 706 celebritatem
1539 641 1595 698 diei
1622 639 1738 696 Pascbe
1761 635 1890 693 alludere

188 753 397 825 conscripsisse
408 752 536 809 carmine
545 749 1011 819 euaserumsonouru,imomee
1066 761 1155 817 quam
1167 741 1297 815 Epistola
1320 735 1479 812 prioridie
1503 729 1653 789 [lominica
1675 725 1815 785 celebrari
1840 725 1889 782 de-

188 841 333 898 sententia
353 841 500 914 integram
529 858 678 898 sacrorum
708 839 868 897 bibliorum
898 835 1010 906 Veteris
1066 829 1365 905 bere‚jurtaquodet
1389 823 1617 898 praedecessores
1638 818 1684 876 sui
1713 818 1891 886 statuerunt,

188 931 367 988 Testamenti
384 931 605 1000 historiam3ut
620 936 685 1003 pote
700 946 766 986 oum
788 933 816 985 et
837 927 920 1001 prius
943 925 1010 981 illo·
1066 923 1266 989 maudaverat,
1303 928 1487 991 quecunque
1522 909 1665 967 incideret
1692 923 1776 963 axtv
1812 904 1894 960 Luna

189 1036 254 1076 rum
264 1018 400 1075 mutilum
412 1017 460 1086 sit,
472 1022 501 1074 et
511 1034 544 1074 ex
556 1018 639 1074 initio
651 1015 821 1091 posterioris
832 1015 906 1072 setis
916 1013 1012 1070 videa·
1067 1011 1155 1087 primi
1171 1009 1292 1078 mensis;
1309 1021 1404 1079 usque
1419 1004 1455 1061 ed
1470 1017 1517 1058 xxi
1530 1000 1561 1056 in
1578 1014 1635 1072 quo
1652 995 1787 1053 fortassis
1810 992 1894 1050 initio

189 1113 237 1164 tur
250 1109 341 1164 etiem
356 1107 552 1179 descripsisse
580 1106 660 1164 orbis
692 1105 819 1163 universi
847 1103 1011 1170 diluvium,
1066 1103 1127 1160 Afri
1142 1101 1263 1175 quidem
1279 1113 1346 1154 oum
1362 1094 1510 1166 Polycrate
1524 1088 1633 1146 Asiane
1648 1083 1825 1143 contrariam
1846 1098 1893 1138 ee-

191 1206 469 1279 atqueadeoetiam
494 1221 613 1262 carmen
637 1205 710 1261 illud
734 1222 771 1260 su
791 1219 960 1260 serenorum
979 1218 1015 1256 ex
1068 1192 1234 1264 quebuntur
1259 1181 1512 1246 consuetudinem,
1537 1191 1708 1251 quanquam
1738 1175 1840 1246 postea
1863 1168 1894 1226 in

190 1313 358 1352 austerum
373 1313 437 1351 stus
451 1312 485 1352 tu
496 1311 645 1351 tuoaoauu
657 1310 835 1352 sesvtrurnu
848 1307 1013 1357 musaeum,
1068 1297 1162 1337 unum
1177 1274 1388 1335 consenserint.
1404 1275 1478 1328 Nam
1494 1269 1529 1325 de
1542 1266 1639 1324 Blasio
1650 1262 1784 1321 heretico
1805 1277 1894 1334 quar-

191 1391 218 1442 et
233 1384 325 1442 libros
340 1383 1014 1457 quinquesuvne,usae.osrmine,ecneauu1-
1068 1368 1264 1436 todeoimano,
1281 1365 1323 1422 sio
1339 1366 1464 1420 luctor:
1479 1361 1531 1415 Est
1542 1359 1678 1430 praeterea
1701 1353 1745 1409 bia
1766 1350 1894 1408 omuibus

192 1491 236 1530 010
252 1490 355 1530 vomet
379 1473 497 1530 librum.
515 1473 574 1530 Hoc
587 1491 654 1530 vero
669 1489 746 1529 anno
761 1472 798 1528 ad
814 1489 843 1528 ιι
858 1470 921 1526 Kal.
939 1469 1015 1526 Mar·
1069 1461 1154 1517 etiam
1170 1458 1280 1513 litorius
1294 1451 1436 1516 accedeus,
1451 1449 1500 1522 qui
1513 1447 1632 1503 latenter
1644 1442 1816 1500 ladairmum
1836 1440 1896 1494 uult

191 1561 249 1618 lias
264 1563 338 1634 lmp-
355 1562 427 1619 Ces.
442 1563 476 1618 D.
492 1561 632 1620 Claudius
646 1561 796 1634 septimus
809 1559 933 1616 Albinus
958 1560 1014 1614 An.
1070 1547 1270 1609 introirem,-
1285 1542 1392 1600 Pascha
1419 1541 1494 1596 rm'm
1515 1535 1582 1593 dicit
1605 1550 1661 1590 soe
1688 1532 1775 1587 aliter
1802 1532 1894 1587 msto·

193 1655 298 1724 gustus
315 1650 411 1724 prelio
427 1651 548 1724 sblmp.
565 1651 671 1707 Severo
686 1650 781 1706 vietus
797 1649 1017 1716 etnooisuseet,
1071 1637 1211 1703 (littidum.
1237 1635 1294 1689 niel
1320 1628 1470 1688 secundnm
1498 1626 1582 1696 leuem
1606 1623 1700 1694 nopes.
1726 1619 1760 1675 ll
1783 1619 1893 1675 motis·

70 1751 74 1758 '
193 1740 282 1813 idque
298 1741 375 1813 apud
392 1741 590 1812 Lugdunum3
620 1756 683 1813 quea
712 1740 789 1812 quod
819 1737 903 1794 illum
932 1739 1019 1794 antea
1073 1728 1139 1796 Quis
1164 1728 1259 1781 autem
1285 1720 1399 1786 neseiat,
1429 1716 1562 1788 quoniam
1603 1709 1768 1780 livanpelico
1804 1707 1896 1779 pratia

195 1832 354 1903 recepisset
369 1829 542 1898 (Herodiano
557 1829 643 1902 teste)
658 1833 687 1886 et
704 1828 819 1901 direpta
847 1832 876 1884 et
898 1825 1018 1882 incensa
1072 1817 1234 1885 eaerum,
1262 1812 1288 1868 ai
1314 1807 1349 1866 ad
1378 1809 1466 1876 lepem
1495 1803 1636 1859 dtr-istum
1665 1797 1767 1868 redipit
1793 1795 1823 1870 (l.
1864 1793 1897 1850 de

194 1919 376 1991 est3iuqua
404 1919 599 1992 expeditione,
629 1917 672 1973 uti
700 1934 736 1974 ex
764 1916 851 1973 variis
881 1915 1017 1987 iuscript.
1073 1905 1177 1962 Praesc.
1201 1900 1262 1957 odo.
1293 1899 1359 1954 lter.
1387 1913 1412 1952 c.
1441 1894 1489 1961 53,
1517 1889 1587 1948 ber.
1616 1889 1671 1958 223
1700 1886 1721 1943 l.
1750 1887 1785 1943 de
1807 1885 1899 1955 icius.

194 2019 322 2072 constet.
336 2015 409 2087 Imp.
421 2031 483 2084 vrri,
495 2032 525 2071 ιι
540 2020 569 2071 et
587 2031 605 2071 x
624 2013 788 2088 appellatus
799 2017 852 2070 est.
868 2015 929 2078 Quo
941 2011 1021 2084 jim-
1075 2011 1101 2050 θ·
1121 1993 1172 2060 ¹¹¹3
1190 1991 1229 2047 lb·
1246 2005 1270 2047 ⁰·
1287 1987 1344 2060 ⁴3·l
1356 1985 1399 2042 Ad
1413 1982 1548 2041 flflmdssffl
1575 1975 1811 2035 ⁰b⁸⁶¹l²fl⁰¹l⁰ffl
1834 1989 1899 2046 W·

192 2105 253 2175 jam
265 2108 442 2176 expugnato,
456 2120 558 2160 omnes
571 2103 720 2177 imprimis
730 2102 902 2167 Galliarum·
917 2101 1020 2174 qim.
1074 2083 1149 2140 tinet
1162 2079 1233 2136 illud
1248 2077 1400 2151 ejusdem:
1417 2075 1521 2130 Pereia
1535 2069 1705 2125 celebramus
1728 2078 1821 2120 auuuo
1842 2063 1900 2118 cir-

195 2193 323 2262 uiarum,
339 2192 555 2265 Britanniaque
566 2209 700 2266 proceres
711 2192 760 2265 qui
771 2191 855 2248 illum
870 2193 1020 2264 juvarent,
1075 2171 1147 2237 ⁶²²0,
1163 2183 1254 2226 mm&
1278 2168 1312 2234 ¹3
1337 2169 1424 2236 atque
1449 2161 1521 2217 ³⁶0⁰
1545 2157 1632 2214 ellim
1655 2154 1748 2210 5¹¹⁰(st
1773 2151 1901 2222 Atinii?

195 2283 301 2338 deiude
316 2282 438 2339 Romam
455 2298 588 2338 reversus
604 2281 715 2338 amicos
731 2283 796 2353 ejus
806 2281 937 2354 undique
949 2297 1020 2336 oon·
1072 2266 1211 2333 limma
1224 2273 1274 2328 9⁶²·
1285 2255 1401 2312 (ΜΨ
1412 2251 1479 2308 silai
1497 2247 1619 2304 “miili
1633 2245 1703 2300 ‘⁰⁶5⁸
1727 2241 1851 2298 cmliii
1865 2256 1900 2296 ⁶²

196 2371 333 2444 quisbue,
349 2375 378 2429 et
393 2371 468 2428 inter
482 2387 532 2428 eos
544 2372 699 2429 Senatores
725 2370 759 2425 to
782 2375 904 2426 severus
930 2370 1022 2426 intes.
1075 2349 1210 2406 uuieereia
1220 2345 1358 2404 Ecclesiia.
1368 2343 1399 2398 ld
1414 2341 1493 2399 enim
1504 2336 1559 2394 etsi
1574 2333 1735 2408 generatim
1750 2331 1899 2404 loquatur,

196 2460 482 2533 licijussit,tumet
501 2477 551 2518 eos
580 2476 683 2517 omnen
707 2459 759 2532 qui
781 2460 812 2515 tn
842 2459 1021 2516 perquam
1052 2439 1280 2514 existimamus
1291 2431 1478 2506 potissimum
1491 2424 1613 2495 intelligi
1627 2416 1900 2491 deilonciliispsulo

197 2551 454 2621 conspiraverant:
471 2566 544 2622 quos
560 2549 631 2606 adan
654 2551 762 2605 Auctor
781 2547 948 2605 Albinianoa
970 2564 1021 2621 np-
1077 2533 1145 2585 ente
1159 2525 1313 2583 celebratis
1327 2519 1488 2579 Palaestine
1503 2533 1521 2572 s
1534 2512 1694 2586 Tbeopbilo
1714 2507 1899 2573 cesariensi,

199 2638 290 2712 pellat
302 2638 399 2696 verbis
413 2655 503 2712 supra
515 2637 622 2694 citetis.
638 2637 678 2694 lo
693 2653 763 2694 anu.
779 2637 895 2694 Domini
922 2637 975 2692 195
994 2641 1023 2693 et
1076 2617 1161 2674 P⁰¹¹fi
1184 2633 1203 2672 ⁸
1225 2613 1336 2684 palmi,
1362 2607 1525 2667 C⁰Fl¹²lhi⁸
1549 2601 1675 2669 Bfl⁰hl¹⁰r
1704 2604 1733 2656 0²
1755 2595 1900 2654 Εθΰῑθῦῑῦ·

201 2743 250 2800 μοι·
266 2726 380 2800 aliquot
390 2745 483 2785 annos
495 2728 671 2800 perdurasse
682 2726 757 2784 hane
770 2726 890 2782 illorum
901 2726 1024 2800 inqutqt.
1077 2723 1143 2764 rum
1156 2703 1234 2778 apud
1246 2701 1420 2765 Osroeuum,
1435 2691 1633 2753 Alexandrino
1648 2703 1765 2763 quoque
1780 2683 1903 2744 eTbec·

200 2814 310 2872 tionem
322 2816 490 2890 signifieat:
507 2816 559 2872 Sed
569 2817 655 2887 etqui
667 2831 753 2884 uuna,
776 2815 882 2888 inquit,
896 2816 1024 2872 melem.
1077 2794 1168 2867 pbilo,
1185 2793 1312 2864 denique
1326 2788 1445 2856 Asiane,
1461 2786 1491 2840 in
1506 2799 1565 2857 quo
1581 2778 1683 2838 scribit
1696 2773 1816 2848 Nicepb.
1829 2775 1901 2830 llist.

199 2921 262 2960 rum
275 2907 396 2978 portium
409 2906 477 2962 socii
490 2907 539 2961 out
551 2905 692 2972 plausores
706 2905 831 2976 quotidie
851 2906 1021 2975 revelentur,
1078 2885 1150 2943 Εθθῑ·
1167 2880 1187 2940 ¹·
1204 2899 1243 2949 tv,
1259 2896 1285 2936 ⁰·
1309 2877 1363 2936 ull·
1393 2877 1494 2933 Petrei
1524 2874 1633 2930 dltltffl
1661 2863 1837 2925 &tulenllflffl
1865 2861 1898 2916 Β·

195 3003 256 3066 post
275 2995 444 3052 vindemiam
457 2994 665 3067 parricidarum
687 2995 836 3052 racematio
864 2997 1020 3066 superum
1075 2969 1320 3030 Victorisiionoil.
1351 2963 1476 3023 Romani
1499 2964 1618 3019 secutos
1644 2972 1719 3029 esse,
1742 2953 1789 3012 oui
1814 2951 1903 3010 stiam

196 3098 472 3167 nempevqumum
498 3098 629 3167 nppmt’
658 3094 693 3149 ud
722 3093 907 3165 triumphum
928 3110 1021 3167 usque
1075 3060 1222 3120 consentit
1236 3057 1348 3117 concil.
1365 3054 1527 3113 Galliarum
1543 3049 1599 3106 sub
1615 3048 1734 3104 lrenaeo.

195 3182 375 3250 Parthicum,
391 3186 479 3255 etque
494 3183 565 3238 adeo
581 3198 688 3238 novum
703 3180 797 3236 Severi
814 3197 935 3250 sunum,
947 3197 1021 3254 que·
1041 3219 1063 3289 c

203 3270 395 3326 madmodum
412 3271 450 3326 ibi
467 3269 567 3328 letius.
589 3269 666 3327 Alibi
695 3269 783 3328 etiem
809 3269 844 3326 sd
873 3273 1026 3328 Senatores

198 3359 311 3416 occisos
326 3358 450 3416 alludit:
476 3360 559 3416 Neruo
579 3375 645 3426 unu,
671 3357 778 3431 inquit,
802 3359 887 3414 etiam
907 3359 1026 3417 dominis
1115 3366 1131 3437 p
1148 3362 1192 3420 tx.
1208 3364 1246 3418 lle
1261 3359 1342 3416 libris
1357 3355 1486 3414 aduersus
1509 3351 1621 3410 iudeus
1645 3349 1677 3405 iu
1696 3347 1786 3402 lucem
1813 3341 1903 3399 editis.

199 3464 283 3506 roura
296 3450 354 3520 pati
367 3452 461 3520 potest,
474 3448 677 3520 quodiucuusu
697 3448 746 3503 bei
763 3449 823 3519 pati
840 3447 961 3504 dubitet.
986 3447 1026 3504 rid
1080 3483 1115 3495 -
1130 3454 1174 3509 tii.
1184 3469 1211 3508 r.
1228 3464 1353 3506 uenusto
1364 3463 1392 3502 r.
1412 3463 1438 3501 s.
1463 3456 1615 3507 surorum,
1632 3454 1666 3494 er
1677 3451 1706 3492 e.
1731 3447 1820 3490 suurn
1837 3447 1903 3488 arr.

201 3537 252 3594 boe
264 3537 374 3611 quidem
387 3537 430 3594 vei
444 3540 597 3610 presentia
610 3538 692 3594 uebir
714 3539 841 3608 tempora
864 3537 1026 3594 dommeeta
1080 3559 1106 3598 r.
1118 3551 1397 3598 reesouuuoounto
1407 3521 1870 3602 enseszepuyrinit’apettnme
1883 3535 1903 3586 1,

201 3627 258 3682 siut
270 3645 280 3694 ,·
294 3629 418 3700 quauta,
433 3625 716 3698 qualesqueperaouee
730 3626 896 3697 inopinatos,
924 3624 1026 3682 numli-
1080 3644 1114 3684 aa
1123 3625 1220 3684 Severi
1241 3625 1314 3696 lmp.
1330 3640 1370 3688 vr,
1389 3621 1505 3678 videtur
1518 3615 1604 3672 uobis
1620 3610 1778 3684 contigisse
1793 3607 1905 3664 disere-

202 3714 483 3786 busetdiquitatibar
506 3721 531 3770 et
558 3714 727 3786 corporibus,
756 3719 784 3769 et
812 3714 938 3770 etatibsu
965 3715 1024 3771 auis
1079 3715 1156 3789 patio
1172 3714 1224 3771 illa
1238 3714 1431 3770 Tauroentum
1446 3722 1513 3766 cum
1527 3704 1626 3762 ludeo
1654 3697 1795 3772 quodam,
1819 3695 1905 3766 cujus

201 3805 293 3861 ruitur
308 3805 444 3876 referunt,
460 3803 582 3860 bominis
596 3819 685 3860 ecura
696 3822 706 3858 :
719 3811 769 3860 out
782 3804 816 3859 ab
829 3805 897 3876 ipso,
912 3804 938 3859 ri
959 3819 1023 3859 eou-
1077 3803 1231 3862 occasione
1245 3799 1400 3874 scripsisse
1426 3813 1458 3854 ee
1481 3793 1630 3868 signifieat
1650 3787 1761 3845 librum
1794 3786 1903 3840 devm.

201 3894 246 3948 tra
260 3908 324 3948 eum
336 3893 463 3964 feceriut,
479 3900 526 3948 aut
538 3892 572 3948 ot
601 3891 769 3950 adversariis
793 3893 852 3964 ejus
872 3894 898 3949 ri
922 3907 972 3965 pro
994 3907 1024 3948 eo
1077 3892 1345 3952 recenseremus
1358 3886 1467 3953 erudit,
1483 3883 1581 3956 inquit
1603 3879 1635 3953 (l.
1649 3877 1711 3935 adv·
1726 3873 1787 3934 tut.
1812 3889 1838 3929 ὓ·
1862 3875 1906 3942 h),

202 3982 338 4038 steterim.
355 3979 417 4054 (Ad.
430 3981 475 4039 Sc.
502 3997 527 4038 o.
542 3982 704 4053 ampelon.
721 3996 747 4036 o.
761 3980 814 4044 35;
829 3980 851 4036 l.
874 3979 910 4036 od
934 3984 1023 4037 Marc.
1078 3984 1227 4056 disputatio
1246 3982 1343 4038 tabita
1357 3989 1396 4036 est
1413 3963 1554 4034 Cris'tiauo
1579 3977 1606 4028 et
1633 3966 1778 4036 proselyto
1799 3961 1906 4021 ludeo.

202 4085 267 4143 cap.
284 4070 350 4144 ult.)
379 4070 445 4128 l'uit
474 4075 572 4128 autem
597 4071 742 4126 dictorum
771 4068 926 4128 oonsulum
953 4069 1027 4126 alter
1078 4074 1200 4130 Alternis
1214 4065 1493 4128 uicibuerouteutioso
1506 4064 1574 4134 sune
1587 4061 1701 4131 uterque
1715 4053 1788 4112 dum
1803 4054 1833 4109 iu
1848 4064 1907 4106 uer·

204 4169 366 4227 Lateranus
384 4173 535 4242 tantopere
560 4169 675 4225 eminus
698 4171 801 4226 Severo
825 4169 899 4241 lmp.
923 4171 956 4224 ut
983 4166 1027 4224 illi
1077 4179 1177 4238 peram
1196 4167 1357 4218 traxeram.
1382 4153 1605 4228 Obstrepentibus
1632 4150 1717 4205 ctiam
1744 4140 1910 4216 quibusdam

203 4259 515 4332 magnificentissimas
530 4259 605 4314 edes
621 4258 719 4314 Romu
734 4255 931 4322 edificaverit,
954 4273 1027 4328 quas
1081 4252 1278 4326 spectantibus,
1286 4248 1460 4322 aeneatorum
1468 4243 1565 4300 uubiie
1574 4239 1691 4314 quodam
1707 4229 1909 4294 neritosobum·

205 4347 293 4405 stiam
305 4365 376 4404 num
387 4348 528 4405 Palatium
538 4346 1027 4418 Laterauenseappeliamns‚quem
1082 4341 1227 4399 trabatur.
1239 4339 1351 4396 Placuit
1364 4351 1438 4408 erpo,
1454 4333 1584 4407 quodper
1601 4334 1764 4386 cortorulum
1783 4321 1907 4394 disputa·

206 4439 308 4509 postea
323 4437 426 4493 scribit
440 4437 472 4493 B.
489 4436 626 4508 Hierony.
641 4433 796 4508 Epitaphio
810 4433 941 4490 sabinia.
967 4434 1028 4490 Cae-
1083 4431 1164 4488 tionis
1178 4431 1273 4486 miuus
1285 4425 1467 4500 pleuepotuit
1481 4419 1628 4484 elucidari,
1637 4414 1738 4488 inspici
1760 4411 1907 4479 curiosius,

207 4524 325 4581 seriano
354 4525 564 4582 obtruncatum
590 4522 700 4597 gladio,
728 4522 862 4580 fortassis
888 4521 1029 4580 Antonini
1083 4528 1111 4579 et
1134 4519 1257 4576 leotioms
1272 4513 1347 4589 stylo
1370 4513 1528 4586 quaeseouca
1555 4512 1721 4564 retractatas
1749 4499 1907 4556 terminare.

206 4612 370 4684 caracalla,
387 4613 480 4685 quiin
498 4612 652 4686 plerosque
667 4611 778 4668 amicos
793 4611 884 4685 petris
899 4612 946 4668 sui
971 4612 1032 4668 eoi·
1046 4595 1069 4662 ll
1085 4611 1116 4666 ln
1132 4607 1279 4682 quainter
1293 4613 1396 4662 cetera
1424 4597 1624 4659 annotandum
1651 4591 1740 4661 veuit,
1769 4587 1848 4661 qnod
1872 4586 1909 4642 de

208 4702 371 4758 madvertit.
382 4703 470 4774 Atqui
481 4717 548 4758 cum
563 4700 610 4757 his
621 4701 701 4758 Coss.
719 4700 829 4773 scripta
848 4701 887 4758 sit
901 4700 992 4774 Epist.
1009 4718 1031 4757 ιι
1085 4699 1224 4757 diletione
1240 4694 1307 4752 fidei
1322 4711 1374 4767 per
1387 4689 1557 4748 universum
1572 4699 1646 4756 pene
1660 4681 1761 4739 orbem
1783 4678 1847 4749 jam
1871 4673 1909 4730 ab

206 4790 377 4848 &Victoris
393 4791 474 4848 Rom.
502 4794 586 4847 Pont.
611 4789 648 4847 ad
675 4789 759 4847 Atros
789 4789 944 4864 Episcopos
963 4791 1032 4848 deta
1086 4807 1120 4848 es
1134 4792 1219 4846 state
1234 4785 1357 4861 pulchre
1371 4780 1499 4841 deducit.
1529 4779 1661 4850 laquem
1688 4773 1772 4840 enim,
1800 4764 1909 4839 inquit,

207 4879 272 4936 Kal.
289 4879 481 4953 Septembri
505 4879 597 4952 Epist.
626 4879 656 4936 S.
679 4877 837 4935 Eleutherii
865 4879 1032 4937 Deceseoris
1086 4879 1175 4935 alium
1195 4879 1335 4934 uniuersae
1362 4875 1455 4945 pentes
1477 4865 1665 4936 erediderunt,
1690 4861 1748 4917 uisi
1772 4856 1912 4916 caratam

208 4969 282 5041 ejus.
299 4985 326 5026 v.
344 4970 386 5026 ld.
401 4967 473 5026 Julii
488 4969 619 5026 Materno
635 4968 903 5037 sterneremus,
932 4985 1032 5027 neces·
1087 4969 1136 5042 qui
1144 4970 1204 5042 iam
1215 4967 1346 5022 ueniti...
1362 4960 1473 5025 Parthi,
1491 4956 1574 5024 liudi,
1589 4953 1723 5019 Elomitre,
1740 4952 1795 5005 etc.
1816 4941 1912 5017 (itia,

208 5059 287 5116 serio
302 5058 381 5116 bunc
396 5075 517 5126 sunum,
540 5075 597 5115 non
622 5058 831 5130 precedentem
853 5075 904 5125 su,
926 5059 1032 5116 Pontii.
1088 5073 1114 5114 c.
1128 5058 1168 5128 7),
1179 5055 1267 5113 sicuti
1282 5053 1391 5128 legitur
1406 5053 1468 5106 Act.
1490 5049 1518 5114 2.
1530 5053 1556 5102 ct
1572 5043 1796 5112 emereamur,
1811 5040 1842 5090 ut
1850 5032 1914 5104 jam

211 5145 260 5204 68
276 5149 340 5220 ejus
354 5148 582 5222 designavimus,
600 5147 726 5204 maxime
741 5148 819 5220 quod
835 5151 866 5204 B.
878 5147 1034 5205 Damasius
1088 5146 1251 5206 Getulorum
1271 5145 1429 5206 uarietates,
1458 5143 1486 5192 et
1515 5133 1674 5189 llaurorum
1705 5127 1790 5184 multi
1829 5121 1913 5194 film-

209 5235 239 5293 in
255 5237 338 5293 Pout.
355 5238 467 5296 sedisse
477 5237 623 5294 Victorem
635 5236 744 5293 scribat
755 5253 771 5293 a
781 5236 940 5293 Consulatu
948 5238 1034 5295 Gom·
1088 5237 1389 5308 llirpouiarumomuea
1399 5225 1524 5293 termini,
1536 5216 1914 5279 etGeliiorumdiuerraeea·

212 5325 292 5381 modi
306 5343 324 5382 v
338 5329 366 5382 et
381 5319 546 5382 Glabrionis
562 5325 681 5398 (quibus
696 5323 777 5381 Coss.
793 5341 843 5380 aur
870 5325 933 5382 liei.
958 5330 1032 5397 Aug.
1088 5325 1185 5397 tiores,
1201 5323 1251 5382 bb
1265 5331 1290 5380 et
1303 5323 1499 5376 Britannorum
1527 5313 1666 5368 inaccessa
1688 5304 1819 5365 ltomunie
1843 5301 1914 5366 wear

212 5415 280 5471 datu
295 5419 340 5472 est
354 5416 432 5486 prior
446 5417 511 5488 eius
534 5415 625 5487 Epist.
656 5415 692 5469 ad
714 5413 843 5486 lbeopb.
869 5415 1033 5487 Alexand),
1090 5409 1387 5478 dmitooerorubdito,
1403 5414 1428 5463 et
1443 5405 1649 5468 Sarmatarum,
1674 5403 1700 5454 et
1723 5399 1861 5451 Dacorum
1889 5391 1917 5444 et

214 5520 309 5578 usque
327 5505 363 5561 ad
380 5505 552 5562 Lateranum
567 5507 597 5561 et
619 5502 770 5560 liutiuum.
794 5503 821 5558 A
844 5503 906 5562 liat.
937 5508 1035 5562 summ
1090 5502 1300 5568 Germanorum,
1317 5507 1343 5556 et
1357 5494 1537 5569 sentiarum,
1551 5485 1749 5548 etabdiiorum
1762 5479 1916 5554 muitarum

214 5593 312 5652 Juniis
335 5593 406 5651 dieti
434 5592 618 5658 consulatus,
647 5607 706 5665 quo
733 5590 781 5650 dis
809 5596 925 5652 creatus
951 5591 1035 5651 Pont.
1090 5593 1225 5666 pestium,
1244 5598 1271 5647 ct
1286 5585 1499 5662 prouinciarum
1521 5585 1547 5638 et
1570 5575 1730 5636 iuratorum
1761 5569 1918 5628 muitarum

216 5700 310 5758 usque
320 5684 356 5742 ad
372 5699 391 5741 v
405 5683 466 5742 Kal.
482 5681 607 5759 Augusti
623 5697 692 5741 aunt
702 5681 864 5758 sequentis,
875 5682 1037 5744 eendeiun-
1090 5681 1169 5744 notis
1184 5682 1363 5754 ipmtarum:
1379 5682 1406 5736 et
1430 5687 1495 5750 que
1521 5678 1683 5729 enumcrare
1701 5661 1796 5720 mium
1815 5669 1918 5732 poaru-

1349 3239 1427 3280 ANNO
1437 3237 1541 3278 Doldllil
1551 3233 1643 3275 cxcix.
