4152 6192
222 341 300 406 ists
501 335 766 404 uauvuttltal
788 339 950 403 OPltlthl
974 333 1075 402 PARS
1098 333 1166 402 l.-
1181 333 1319 404 sutiles
1340 341 1379 414 11,
1401 339 1642 404 nuenarius.
1847 341 1923 406 latu

219 477 274 533 lari
288 473 495 548 (75),omnibua
505 473 645 530 iratribus
655 473 816 546 legationes
827 473 1041 546 deprecationis
1053 476 1081 542 Α
1097 473 1180 542 torte,
1197 491 1355 532 onerosum
1370 477 1426 544 est,
1443 490 1613 550 campense
1629 475 1825 532 insultaturos
1840 476 1870 532 in
1885 477 1925 532 ri-

220 581 282 621 euae
295 564 461 636 injungere.
477 561 543 618 lieo
564 561 665 619 niuniu
688 561 916 635 Exomologesis,
931 567 965 618 ut
987 579 1044 635 pm·
1100 563 1226 637 elloquio
1251 563 1394 636 consistit,
1412 565 1464 622 uhi
1487 564 1522 621 de
1543 564 1664 623 alterins
1680 565 1766 622 ruina
1790 564 1865 621 alter
1882 568 1924 621 st·

220 653 376 711 nitentium
399 652 595 722 commendet,
611 650 695 708 utde
719 649 842 725 periculi
868 650 974 707 timore
989 651 1045 707 lto·
1100 652 1223 722 tollitur,
1254 653 1307 709 ulli
1335 659 1479 726 prostrato
1509 654 1758 727 superscenditur.
1783 654 1924 711 Ceterum

221 739 1046 812 minumhonoret,ntlnpeccatoremipsapronuntiens
1100 742 1177 799 inter
1205 745 1310 799 iratres
1338 747 1425 815 atque
1453 759 1619 816 conservos,
1645 743 1695 800 nbi
1724 744 1925 801 communis*⁰

222 849 275 906 pro
288 831 336 890 Dei
348 829 548 904 indignatione
558 826 708 902 iungatur,
723 831 752 885 st
760 827 915 900 temporali
925 827 1046 885 afflicte·
1101 845 1179 904 spes,
1196 835 1304 897 metus,
1319 830 1470 904 gandium,
1496 831 1588 902 dolor,
1615 832 1713 906 passio
1743 833 1826 906 (quis
1848 847 1925 889 oom-

222 922 302 980 tione
314 921 338 958 ⁶⁸
352 924 460 978 aterna
473 917 619 992 supplicia
631 934 689 975 non
704 917 800 975 dicam
815 917 982 987 frustratur,
995 917 1046 975 sed
1102 921 1201 976 munis
1212 919 1333 993 spiritns
1346 921 1382 977 de
1396 921 1545 977 communi
1559 921 1680 978 Domino
1693 925 1723 978 et
1733 921 1840 992 Patre),
1853 920 1923 994 quid

223 1011 456 1086 expungat.Cnm
471 1007 562 1082 igitur
576 1007 718 1082 provolvit
734 1005 886 1064 hominem
901 1007 969 1080 (ld),
985 1023 1047 1064 ma·
1101 1012 1134 1066 tn
1149 1009 1203 1066 hos
1215 1009 1237 1045 ⁷¹
1253 1007 1334 1066 aliud
1359 1026 1448 1083 quem
1470 1013 1499 1066 te
1523 1009 1653 1083 opinaris
1666 1009 1747 1084 (79)i
1761 1010 1836 1078 Quid
1861 1025 1927 1068 oon·

222 1099 268 1174 gis
282 1099 481 1158 relevatzcum
496 1095 666 1170 squalidum
681 1095 859 1170 tacit,magis
870 1096 1046 1154 mundatum
1101 1103 1195 1156 sortes
1216 1115 1339 1157 casuum
1354 1103 1472 1156 tuorum
1494 1099 1562 1170 (80),
1589 1105 1622 1156 ut
1645 1103 1809 1174 plausores,
1825 1099 1926 1174 lugiet

222 1189 342 1246 reddit:
359 1205 428 1246 oum
452 1189 580 1256 accusat,
605 1201 673 1244 cum
699 1185 885 1258 condemnat,
909 1185 1045 1243 absolvit.
1100 1187 1162 1244 Non
1174 1191 1270 1261 potest
1283 1205 1390 1260 eorpus
1405 1189 1442 1246 de
1465 1188 1554 1246 unius
1567 1189 1694 1246 membri
1708 1188 1858 1247 vexatione
1877 1189 1925 1246 ls-

223 1280 416 1352 inquantum
439 1293 498 1336 non
521 1275 687 1350 peperceris
710 1275 777 1347 tibi,
792 1275 823 1332 in
849 1278 965 1332 tantum
991 1275 1046 1332 tibi
1101 1281 1166 1334 turn
1181 1293 1268 1351 agere
1283 1294 1290 1332 ε
1307 1276 1461 1335 condoleat
1475 1277 1657 1351 universum,
1672 1279 1747 1336 etad
1764 1277 1925 1335 remedium

223 1373 311 1440 Deus,
328 1369 423 1438 crede,
437 1369 547 1440 parcet.
1102 1365 1280 1435 conlaboret,
1296 1381 1416 1424 necesse
1431 1369 1486 1423 est.
1502 1368 1534 1423 In
1559 1383 1617 1424 nno
1632 1371 1661 1422 et
1684 1366 1775 1424 altero
1797 1365 1926 1423 lioctssia

551 1505 707 1566 CAPUTX
1101 1459 1157 1526 est,
1172 1454 1302 1512 Ecclesia
1316 1455 1787 1529 veroChriatnsltrgooumtead
1801 1455 1926 1512 fratrum

711 1549 718 1562 '
1101 1561 1197 1618 genua
1220 1545 1381 1617 protendis,
1401 1544 1552 1604 Christum
1581 1548 1755 1615 contrectas,
1779 1544 1927 1602 Christum

259 1635 416 1706 Plerosque
443 1637 541 1690 tamen
570 1630 626 1690 hcc
653 1647 739 1706 opus,
759 1635 792 1689 ut
817 1631 1046 1705 publicationem
1101 1650 1213 1691 exoras.
1228 1634 1319 1707 AEque
1340 1632 1384 1690 illi
1398 1649 1465 1692 cnm
1489 1637 1631 1707 superte
1654 1633 1799 1710 lacrymas
1825 1637 1926 1706 agunt,

222 1725 269 1783 sui
284 1725 410 1798 (litant
423 1723 582 1795 suffugere,
597 1725 650 1779 aui
667 1721 706 1778 ds
719 1719 766 1778 die
780 1720 811 1777 in
827 1721 904 1778 diem
918 1721 1044 1790 dilisrre,
1101 1723 1236 1782 Christus
1251 1723 1372 1798 patitur,
1387 1724 1523 1781 Christus
1538 1725 1654 1781 Patrem
1673 1725 1858 1796 depreeatur.
1873 1723 1926 1780 Fa·

221 1827 381 1890 prssnm03
397 1811 519 1886 pudoris
535 1809 630 1884 magis
646 1825 793 1868 memores
809 1827 897 1882 qnam
913 1810 1019 1869 salutis
1036 1827 1044 1867 :
1062 1855 1085 1921 B
1101 1813 1154 1870 cite
1169 1813 1342 1886 impetratur
1356 1813 1563 1886 semper,quod
1575 1812 1654 1870 tilius
1664 1811 1805 1886 postulat.
1812 1813 1928 1870 Grande

149 1897 152 1908 ’
220 1904 303 1962 velut
316 1903 370 1972 illi,
381 1903 433 1974 qui
448 1901 478 1957 in
494 1899 627 1974 partibus
641 1897 901 1957 verecundioribus
916 1899 1047 1974 corporis
1101 1901 1188 1975 plane
1202 1901 1435 1959 emolumentum
1459 1902 1642 1960 verecundiae
1656 1901 1812 1959 occultatio
1827 1899 1926 1958 delicti

222 1996 371 2051 contracta
392 1991 554 2062 vexatione,
571 1988 782 2046 conscientiam
806 1989 987 2046 madentium
1002 1990 1047 2046 vi·
1101 1992 1265 2064 pollicetur.
1282 1991 1424 2048 Videlicet
1438 1992 1464 2048 ai
1479 1991 1548 2064 quid
1570 1989 1707 2048 humanae
1732 1989 1926 2048 notitiasnh·

221 2085 286 2140 tent
300 2081 401 2138 12ss
419 2081 448 2136 et
461 2079 504 2135 ita
527 2093 594 2134 cum
618 2077 822 2136 erubescentia
842 2095 896 2136 sua
912 2083 1046 2151 pereunt.
1101 2081 1283 2152 duxerimus,
1299 2080 1422 2153 proinde
1444 2084 1473 2136 et
1497 2081 1589 2138 Deum
1615 2079 1927 2138 celabimns‘lhdeons

220 2169 442 2228 Intolerandum
467 2164 578 2224 scillcet
592 2165 708 2238 pudori,
724 2165 848 2224 Domino
873 2167 985 2224 offenso
1000 2184 1047 2224 sa·
1101 2169 1279 2226 existimatio
1299 2169 1454 2226 hominum
1481 2173 1510 2226 et
1535 2169 1584 2225 liei
1608 2168 1786 2225 conscientia
1809 2183 1926 2240 compa·

220 2259 365 2326 tisiacere,
391 2255 479 2315 saluti
507 2255 654 2330 prodaris
677 2255 731 2326 (78)
760 2255 985 2312 ralormari.Nec
1013 2261 1045 2312 tu
1100 2257 1927 2329 ranturillnmelinsestdnmnatnmlatsrs,qunmpa-

220 2347 396 2406 verecundia
424 2347 529 2414 bonus,
553 2345 591 2400 ad
618 2343 849 2417 delinquendum
878 2349 1046 2418 expandens
1099 2347 1158 2404 lam
1175 2345 1286 2403 absolvi
1299 2345 1584 2419 (8l)ibliserumest
1598 2345 1641 2403 sio
1654 2347 1690 2402 sd
1703 2343 1925 2418 Exomologesis

219 2439 357 2510 frontem,
385 2437 421 2492 ad
447 2433 663 2508 deprecandum
686 2449 755 2489 vero
783 2434 961 2490 subducens.
987 2438 1045 2508 h'go
1100 2437 1250 2509 pervenire
1265 2436 1332 2509 (82).
1349 2434 1423 2492 Malo
1438 2435 1516 2492 enim
1530 2436 1566 2492 ad
1591 2435 1739 2492 miseriam
1755 2435 1778 2471 ⁷¹
1793 2435 1926 2508 perveni·

219 2525 432 2585 ruborilocnm
456 2523 700 2592 noniacio,cum
723 2523 791 2596 plus
810 2523 846 2580 de
870 2524 1045 2580 detrimento
1099 2525 1278 2593 tantm
1306 2525 1357 2582 aed
1387 2525 1436 2581 nbi
1468 2523 1670 2598 paenitendum
1699 2528 1744 2580 est
1767 2526 1791 2560 ¹⁸
1816 2525 1926 2580 deserit

219 2619 283 2690 ejus
308 2615 439 2689 acquiro,
455 2630 522 2671 cnm
534 2613 557 2648 θ’
573 2611 635 2685 ipse
656 2611 805 2668 hominem
828 2611 1044 2685 quodammodo
1099 2611 1242 2668 miserum
1259 2629 1266 2666 z
1282 2611 1350 2683 qula
1365 2611 1476 2668 laetum
1501 2614 1545 2667 est
1559 2610 1699 2667 salutare.
1716 2610 1856 2667 Miserum
1881 2611 1926 2665 est

220 2707 401 2773 exhortatur,
424 2703 466 2760 Ne
481 2719 528 2760 me
543 2701 715 2774 respexeris,
736 2701 848 2769 dicens,
864 2717 916 2776 per
929 2705 957 2758 te
970 2701 1045 2758 mihi
1099 2699 1192 2758 secari
1208 2703 1238 2756 et
1258 2699 1385 2757 cauterio
1412 2699 1505 2769 exuri,
1519 2703 1548 2756 ei
1563 2698 1690 2772 pulveris
1706 2698 1832 2770 alicujus
1847 2714 1925 2754 mor·

221 2794 325 2854 melius
350 2797 397 2851 est
420 2791 525 2866 perire.
549 2792 632 2848 Certe
656 2788 820 2862 perieulum
835 2791 900 2863 ejus
920 2796 1003 2862 tunc,
1018 2789 1044 2847 si
1099 2789 1223 2846 dacitate
1237 2789 1260 2825 Ἰ*
1274 2787 1398 2846 cruciari
1416 2806 1423 2846 :
1440 2793 1536 2846 nmen
1556 2805 1620 2862 qus
1643 2803 1695 2861 per
1718 2787 1926 2845 insuavitatem

931 2926 1033 2990 Varis
1053 2926 1216 2989 lectiones.

254 3055 278 3093 ⁸⁸
291 3054 345 3112 atii
358 3052 508 3111 alillction.
523 3053 570 3116 Cet
584 3057 676 3107 autem
687 3065 788 3125 param
800 3052 893 3123 proba
907 3049 964 3106 lice
976 3051 1122 3109 sententio.
1169 3050 1192 3086 ⁸⁸
1205 3049 1279 3115 Quin
1295 3049 1387 3105 tutin.
1403 3053 1431 3104 et
1443 3053 1512 3106 tan.
1559 3049 1583 3085 ³⁰
1597 3047 1714 3122 Species
1732 3048 1816 3106 Fran.
1832 3049 1926 3105 Poris.

218 3129 241 3168 '¹
255 3126 432 3185 TuosSesnt.
452 3127 532 3198 teop.
557 3127 589 3181 tu
615 3121 670 3180 hos
692 3124 752 3192 liic.
774 3137 810 3180 ec
832 3121 891 3180 coti.
911 3123 973 3179 llic.
1024 3123 1104 3178 ”ad
1129 3121 1280 3178 miseriam
1303 3122 1389 3178 Fran.
1413 3121 1504 3176 Paris.
1529 3121 1635 3192 lligott.
1661 3137 1765 3178 amans
1787 3121 1814 3178 si
1840 3136 1924 3193 perv.

217 3199 301 3258 Semi.
326 3199 483 3258 adventurn
510 3199 557 3254 est
582 3195 688 3253 acutat
715 3197 801 3254 iiten
829 3197 925 3252 miras
954 3197 1030 3253 tau.
1076 3195 1100 3230 '³
1129 3193 1242 3252 Desinit
1269 3195 1352 3250 lton.
1407 3193 1431 3228 ⁷⁶
1448 3191 1579 3249 Crucieri
1607 3193 1690 3251 Fron.
1717 3193 1777 3264 Rip.
1807 3192 1926 3250 anxiari

216 3272 305 3334 Serti.

940 3363 1199 3428 Commentarius.

253 3484 310 3559 (75)
325 3484 357 3542 lit
369 3482 466 3540 etone
479 3481 528 3538 liei
540 3481 738 3554 adgeniculari.
759 3479 891 3537 Putarim
915 3496 969 3554 ego
993 3483 1080 3554 perc
1100 3495 1165 3536 rum
1180 3494 1301 3536 suornm
1316 3479 1466 3535 vexatione
1484 3476 1618 3546 letatum
1633 3475 1693 3535 imo
1708 3478 1820 3551 pariter
1833 3479 1924 3548 dolet,

217 3555 316 3615 charos
331 3557 382 3612 Dei
405 3553 612 3680 intelligendos
636 3569 701 3610 esse
722 3557 876 3626 martyres,
891 3567 966 3624 quos
982 3569 1044 3625 pas·
1099 3551 1178 3608 etad
1194 3551 1358 3607 remedium
1373 3550 1541 3607 collaborat.
1551 3553 1584 3605 ln
1600 3565 1658 3607 nno
1673 3553 1702 3606 et
1716 3549 1808 3608 altero
1823 3551 1923 3608 Eccle-

219 3629 347 3685 nitentes
362 3643 464 3699 rogaro
479 3642 512 3681 so
526 3625 622 3693 ebant,
636 3628 668 3681 ut
681 3640 713 3682 se
729 3623 862 3682 Ecclesiae
877 3625 1043 3694 redderent,
1098 3623 1143 3679 sia
1157 3626 1211 3690 est,
1227 3622 1257 3678 in
1273 3621 1396 3679 ecclesia
1415 3637 1482 3679 vero
1497 3620 1630 3678 Christus
1644 3643 1652 3688 t
1668 3625 1757 3693 atque
1777 3623 1850 3680 adeo
1873 3624 1925 3696 qui

219 3703 250 3757 et
265 3696 399 3756 nonnihil
421 3698 456 3752 de
470 3696 642 3769 poenitentia
665 3695 861 3770 indulgerent.
877 3697 960 3753 Unde
975 3697 1044 3752 Ter·
1098 3693 1240 3752 tratribus
1247 3699 1372 3820 peccata
1387 3711 1442 3750 sua
1457 3709 1514 3749 non
1534 3697 1619 3762 tacet,
1635 3691 1769 3750 Ecclesiae
1784 3693 1924 3768 lacrymis

220 3769 288 3828 tull.
313 3773 414 3826 noster
439 3769 567 3840 Protrep.
591 3768 629 3825 ad
652 3767 737 3823 Mart.
755 3785 762 3825 :
782 3768 902 3832 «Onam
924 3767 1044 3841 qnidam
1099 3766 1231 3831 ad'ntus,
1269 3765 1352 3821 hristi
1369 3765 1504 3838 precibus
1519 3763 1692 3822 absolvitur.
1707 3767 1778 3821 Pan.

222 3843 337 3914 [pacem
362 3839 513 3910 nimirum]
530 3856 588 3896 non
612 3838 753 3896 habentes
769 3857 786 3895 a
801 3839 979 3912 martyribus
994 3853 1044 3911 pe·
1134 3782 1191 3910 3⁸1)
1208 3837 1296 3905 Quam
1316 3837 1413 3909 putem
1426 3836 1541 3894 absolui.
1559 3835 1657 3893 Palam
1674 3835 1795 3908 quidem
1819 3842 1847 3892 at
1868 3837 1923 3892 tre-

221 3919 284 3971 tere
299 3915 523 3969 consueverunt.
540 3914 606 3967 »aa
616 3911 728 3967 ratione
738 3909 883 3968 faciliores
897 3909 1046 3976 hebebant
1100 3913 1207 3982 quante
1230 3907 1354 3965 ecclesis
1376 3909 1612 3976 absolvebantur,
1627 3922 1728 3964 verum
1754 3906 1826 3964 satis
1850 3907 1924 3963 mihi

242 3985 407 4058 reehytsros
440 3987 616 4055 ceterosque
644 3981 838 4039 Christianos.
868 3983 935 4048 Oua
963 3983 1047 4040 affert
1101 3997 1158 4037 non
1174 3984 1289 4036 constat
1304 3980 1364 4036 hac
1378 3981 1414 4036 de
1428 3979 1632 4036 sacramentali
1651 3977 1837 4036 absolutione
1848 3981 1924 4036 aeci·

220 4001 264 4114 hs
279 4057 370 4114 Cerda
384 4060 417 4112 ut
431 4055 534 4129 probet
547 4070 599 4128 per
609 4053 714 4110 charos
724 4054 773 4110 Dei
788 4053 913 4126 intelligi
926 4054 1045 4126 presby·
1101 4052 1208 4125 pianda
1220 4068 1285 4108 esse
1295 4070 1303 4122 ς
1315 4052 1386 4124 quin
1397 4051 1494 4123 potius
1505 4050 1730 4124 conjicerem,de
1741 4050 1847 4108 ultima
1860 4067 1925 4108 exo·

222 4133 302 4185 teres
327 4126 402 4185 nihil
428 4127 464 4184 ad
490 4141 550 4183 rem
576 4126 669 4182 iacere
692 4125 844 4194 videntur;
860 4125 923 4181 loca
937 4126 1046 4198 quippe
1101 4123 1252 4196 mologeei,
1272 4140 1335 4196 quae
1360 4123 1536 4194 permolesta
1550 4131 1579 4178 et
1597 4122 1684 4196 plens
1706 4123 1828 4194 pudoris
1842 4123 1923 4178 vide·

221 4199 273 4256 illa
301 4203 364 4256 tum
392 4215 427 4254 ex
455 4197 668 4263 enceniatum
698 4213 731 4252 ex
760 4197 845 4270 Greg.
865 4196 1046 4254 Nazianzeno
1100 4193 1273 4260 hatur,illnd
1289 4195 1382 4266 patum
1405 4195 1637 4252 odeetvidictum
1660 4209 1830 4262 esse;nsm
1854 4193 1925 4268 quid

222 4271 358 4343 aliisque,
379 4269 530 4326 referenda
550 4269 670 4325 suntad
686 4269 739 4324 has
760 4284 856 4336 voces,
879 4271 1046 4340 presbyteris
1101 4271 1199 4392 posset
1213 4268 1309 4322 inesse
1323 4266 1445 4338 pudoris
1461 4272 1512 4323 ant
1535 4267 1715 4324 verecundia
1729 4267 1760 4322 in
1775 4264 1827 4322 illa
1839 4267 1927 4322 abso·

219 4343 338 4400 advolvi.
356 4342 395 4397 La
412 4341 461 4397 l’a.
709 4349 711 4352 ·
1113 4339 1231 4407 ntione;
1247 4343 1277 4393 nt
1290 4353 1358 4394 vero
1372 4337 1402 4393 in
1418 4337 1523 4395 ultima
1547 4336 1743 4410 exomologesi
1769 4338 1864 4393 multa
1879 4353 1927 4393 oo·

256 4415 312 4486 (76)
327 4413 467 4470 Provoluit
490 4411 639 4468 hominem.
660 4409 772 4468 Etenim
798 4409 972 4482 poeniteniee
995 4427 1046 4467 vo·
1101 4410 1331 4481 narrabantque
1346 4408 1410 4465 sine
1424 4410 1535 4482 pudore
1551 4427 1607 4467 non
1623 4411 1758 4482 poterant
1773 4409 1852 4465 lerri.
1866 4409 1926 4466 Pri·

221 4485 395 4542 lutabantur
409 4485 444 4539 ad
461 4500 556 4556 genna
572 4482 705 4538 fratrum.
724 4482 787 4538 ltro.
1101 4497 1182 4537 mum
1199 4498 1215 4536 e
1230 4479 1331 4537 limine
1346 4482 1376 4537 in
1392 4483 1519 4538 mediam
1535 4480 1688 4538 eeclesiam
1704 4479 1928 4538 adducebantur

259 4558 315 4626 pt)
332 4559 363 4614 tlt
375 4555 595 4628 publicationem
609 4555 662 4608 eni.
678 4555 754 4619 Quia
768 4552 880 4609 scilicet
893 4557 960 4625 post
975 4553 1045 4636 hap·
1102 4554 1138 4608 ab
1154 4553 1301 4626 episcopo,
1318 4552 1384 4608 istic
1408 4555 1444 4610 ad
1460 4554 1524 4624 ejus
1549 4554 1637 4626 pedes
1651 4553 1790 4625 prostrati
1810 4554 1926 4610 veniam

223 4626 345 4683 tismum
375 4643 427 4700 per
454 4626 603 4698 publicam
631 4640 748 4696 semper
778 4625 986 4695 poenitentiam,
1015 4641 1045 4679 1n
1102 4629 1286 4696 peccatorum
1304 4641 1424 4680 snorum
1441 4626 1684 4698 deprecabantur,
1696 4625 1833 4698 precibus
1847 4624 1929 4681 etla-

223 4698 357 4772 graviore
382 4698 489 4755 delicta
511 4695 792 4765 animadvertebant,
809 4713 842 4752 ea
865 4712 900 4753 ue
921 4697 957 4752 ob
971 4695 1047 4752 hanc
1102 4713 1133 4752 cr
1154 4695 1210 4752 mis
1220 4696 1310 4752 totius
1321 4697 1512 4754 fraternitatis
1523 4697 1681 4770 gratiamet
1691 4696 1929 4754 misericordiam

224 4785 362 4826 caussam
386 4769 481 4844 palam
507 4783 720 4839 nonnunquam
744 4784 853 4840 expone
876 4773 973 4824 antur.
992 4772 1047 4823 Cas·
1102 4713 1433 4838 sohioitabant‚tandsm
1448 4769 1479 4825 in
1495 4769 1595 4826 eodem
1610 4771 1689 4825 statu
1706 4774 1927 4840 permanentes.

223 4847 321 4899 terum
349 4857 407 4898 non
436 4839 581 4898 assentior
609 4838 830 4912 interpretibus.
844 4856 939 4912 neque
966 4840 1044 4895 card.
1102 4839 1131 4894 id
1146 4845 1191 4894 est
1204 4839 1287 4894 humi
1300 4839 1440 4910 jacentes,
1455 4857 1472 4896 a
1487 4841 1612 4912 peccatis
1626 4838 1830 4897 liberabantur
1846 4857 1854 4895 ι
1868 4841 1929 4896 haec

222 4913 349 4970 Beronio
364 4931 412 4970 en.
428 4913 496 4970 Chr.
508 4913 555 4978 56,
571 4910 620 4980 oui
637 4911 697 4966 haee
711 4911 746 4965 de
761 4911 920 4967 auriculari
933 4911 1046 4967 oonles·
1062 4891 1085 4955 D
1101 4911 1201 4968 omnis
1216 4911 1317 4967 multis
1330 4913 1371 4968 ita
1381 4912 1557 4984 permolesta
1566 4911 1750 4979 videbantur,
1762 4917 1794 4968 ut
1806 4909 1931 4968 mallent

223 4985 317 5056 sione,
341 5001 399 5042 non
424 4987 459 5042 de
488 4983 603 5055 publico
630 4981 806 5055 paenitentiae
830 4989 897 5040 actu
922 4981 1047 5054 intelllgi
1101 4983 1131 5038 in
1147 4981 1235 5053 eulpa
1250 4999 1503 5056 remunerandam
1519 4984 1574 5042 hoc
1589 4984 1674 5042 modo
1695 4982 1731 5040 ab
1747 4981 1928 5052 salibarari,

221 5057 341 5124 volunt;
357 5061 420 5114 toto
444 5057 521 5113 enim
537 5055 591 5110 hoc
615 5053 710 5127 capite
733 5055 767 5109 de
790 5053 908 5127 publica
931 5055 1046 5111 contes-
1100 5057 1223 5110 Ausees.

222 5129 306 5186 sicne
321 5133 506 5203 peecatorum
523 5127 601 5183 etde
620 5125 738 5199 publiea
753 5126 924 5199 poenitentia
938 5126 1045 5199 agitur.
1137 5125 1192 5197 (82)
1208 5126 1338 5181 Coenam
1360 5133 1402 5182 eet
1424 5126 1463 5182 eir
1486 5127 1526 5182 ort
1546 5125 1748 5211 ecoawlopeeis
1767 5128 1928 5200 perrenae.

222 5202 345 5260 lassas.
1102 5195 1207 5252 Forma
1230 5196 1368 5268 loquendi
1393 5197 1614 5253 abhorrentium
1640 5196 1764 5270 aliquid,
1783 5197 1929 5255 miserum

259 5273 315 5344 (78)
331 5272 426 5331 Saluti
437 5269 585 5343 predoctae.
601 5267 724 5340 Prodiga
748 5269 888 5342 peccandi
904 5267 1047 5342 protervia
1102 5267 1164 5324 estl
1183 5267 1229 5324 Sic
1245 5267 1416 5334 Horatius«
1428 5269 1611 5341 [reprehendi
1626 5269 1769 5326 miserum
1785 5273 1859 5326 est.»
1877 5269 1931 5326 llic

222 5345 440 5418 perditissima.
456 5343 519 5398 ltro.
1102 5339 1192 5410 igitur
1206 5339 1312 5412 aliquis
1327 5339 1488 5398 abhorrens
1498 5339 1689 5397 austeriorem
1700 5341 1862 5413 paenitendi
1874 5341 1932 5397 tor·

258 5415 315 5490 (79)
332 5415 401 5486 Quid
413 5426 443 5473 tu
457 5411 505 5470 lios
528 5409 609 5467 atiud
622 5427 708 5483 qaam
721 5414 747 5469 te
760 5413 899 5483 opinaris.
915 5411 961 5468 Sic
975 5410 1047 5483 legi·
1102 5427 1192 5480 mam,
1209 5411 1259 5481 ait,
1276 5435 1291 5465 a
1305 5412 1445 5469 Miserum
1458 5415 1503 5468 est
1516 5413 1559 5470 sio
1575 5413 1611 5468 ad
1626 5413 1845 5486 exomologesin
1880 5429 1930 5468 er·

221 5489 271 5543 tur
299 5487 330 5543 in
356 5487 455 5546 codice
480 5483 658 5541 Divionensi.
687 5483 722 5539 ut
749 5499 814 5541 esse
837 5483 1047 5540 verdissimnm
1101 5481 1216 5539 veniret
1242 5505 1257 5535 a
1281 5484 1354 5540 Huic
1378 5485 1535 5556 respondet
1559 5482 1785 5542 Tertullianus:
1811 5509 1827 5536 «ι
1879 5483 1929 5540 alc

221 5561 305 5631 puto.
320 5562 385 5616 Rus.
1102 5554 1181 5610 enim
1197 5555 1232 5610 ad
1249 5555 1398 5622 miseriam
1422 5556 1602 5629 pervenitur,
1619 5577 1634 5607 a
1648 5558 1716 5624 ete..
1730 5556 1787 5614 hoo
1801 5560 1847 5613 est
1860 5569 1930 5629 pec·

257 5630 314 5702 (80)
328 5628 402 5700 Quid
423 5630 559 5686 citatorias
578 5641 692 5682 casuum
714 5627 834 5682 tuorum.
850 5624 934 5681 Hunc
949 5624 1045 5683 locum
1090 5630 1177 5683 cato.
1194 5627 1228 5682 ut
1249 5626 1326 5684 mala
1345 5632 1416 5685 sunt
1431 5645 1494 5701 qua
1507 5645 1561 5686 nos
1584 5627 1620 5687 ad
1636 5627 1787 5686 numeriam
1802 5629 1929 5685 ducunt.

221 5699 264 5756 aio
278 5700 422 5772 expressit
436 5701 467 5756 B.
484 5697 628 5755 Pantanus
646 5714 675 5753 :a
693 5694 849 5754 Consortes
864 5713 987 5754 omunm
1000 5713 1048 5756 ve·
1102 5697 1165 5754 Rro.

222 5772 352 5830 atrorum
375 5773 479 5831 timere
493 5767 594 5828 nolite.
611 5789 626 5820 a
641 5764 762 5828 Nullum
781 5782 888 5842 corpus
903 5767 1048 5825 membro·
