4096 6180
139 285 194 346 ltu
817 287 869 350 bu
891 284 1172 352 launomarus.
1787 291 1848 360 'tau

138 417 209 474 alter
222 432 329 489 magua
342 417 470 490 qulcam
485 418 585 491 Sergio
595 417 698 486 Paulo,
709 420 848 492 quoniam
861 421 966 478 iisdem
980 427 1009 494 Α
1350 423 1467 482 CAPUT
1485 423 1518 481 x.

138 505 347 564 adversabatur
360 507 514 579 apostolis,
530 507 679 564 luminum
705 509 866 566 amissione
891 510 967 566 mal·
1057 512 1251 576 ocerannum
1268 518 1366 570 autem
1389 518 1434 570 est
1461 513 1550 570 etiam
1567 514 1603 570 de
1627 513 1847 588 ludimagistris

137 595 490 668 natusest(lrt.n11,o
523 596 631 668 seqq).
646 599 707 652 flac
720 601 750 653 et
765 597 903 671 astrologi
918 614 967 654 re·
1020 601 1191 658 (meida
1214 600 1326 658 catenis
1355 603 1572 674 professoribus
1595 601 1772 674 litterarum,
1787 603 1846 662 imo

136 683 285 752 tulissent,
301 685 400 752 credo,
417 685 442 740 si
456 685 522 758 quia
537 685 567 742 in
583 685 733 758 apostolos
761 686 917 744 incidisset
932 688 964 743 ⁵⁰.
1021 705 1079 747 non
1095 689 1291 746 dubitandum
1306 690 1410 747 aflines
1423 688 1490 747 illos
1505 706 1570 748 esse
1586 690 1766 749 multimoda
1782 692 1845 749 ido·

136 775 272 828 attamen
293 788 360 829 cum
376 774 475 845 magia
505 775 636 846 punitur,
667 776 753 846 cujus
781 781 826 832 est
854 778 965 848 speeies
1020 778 1152 834 lolatria.
1171 780 1570 852 Primum,quibuaneoassa
1596 782 1726 838 estdeos
1751 784 1846 839 natio·

136 860 305 934 astrologia,
320 861 423 934 utique
439 866 468 917 at
482 863 597 935 species
621 864 651 918 in
673 879 780 936 genera
794 865 964 922 damnatur.
1020 883 1092 922 num
1118 869 1285 940 predicare,
1323 870 1453 940 nomina,
1481 865 1681 942 genealogias,
1717 870 1844 942 fabulas,
1928 904 1930 914 ι

135 954 206 1006 Post
220 949 410 1022 Evangelium
427 967 575 1023 nusquam
592 954 726 1009 invenias
741 959 792 1009 aut
806 953 965 1024 sophistas,
1019 964 1192 1012 ornamenta
1217 958 1380 1014 honorifica
1405 975 1529 1030 quaque
1551 975 1653 1014 eorum
1680 960 1845 1029 enuntiare,

137 1037 431 1108 autuhuaaamut
458 1039 667 1108 incantatores,
692 1048 745 1097 aut
774 1043 964 1114 conjectores,
1018 1049 1081 1101 tum
1098 1045 1391 1118 solemniafestaquc
1419 1048 1589 1104 carumdem
1618 1048 1784 1116 observare,
1811 1053 1845 1105 ut

135 1133 186 1185 eat
216 1143 328 1200 magos,
352 1129 410 1184 nisi
436 1130 522 1202 plana
552 1132 684 1202 punitos.
718 1131 768 1188 Ubi
781 1132 902 1203 sapiens,
918 1133 966 1188 abi
1019 1135 1128 1206 quibus
1141 1135 1289 1208 vectigalia
1302 1153 1357 1192 sua
1371 1136 1616 1207 suppetantouia
1627 1135 1843 1210 ludimagister.

135 1217 285 1286 litterator,
300 1217 348 1273 abt
367 1220 536 1289 conquisitor
549 1220 632 1290 bajus
646 1221 829 1278 uoifflonne
844 1222 965 1292 infatua-
1020 1223 1083 1279 siaa
1108 1223 1210 1280 tabula
1237 1230 1349 1296 septem
1378 1224 1524 1280 idolorum
1554 1225 1622 1294 (36),
1652 1225 1844 1298 quinquatria

133 1310 708 1384 ritliaassapicntiamaaiursaecutiffl
727 1312 825 1381 Com,
852 1317 897 1383 20)
912 1314 964 1368 Ni·
1020 1318 1116 1368 tsmen
1133 1315 1154 1348 ³¹
1171 1313 1368 1384 frequentabit
1383 1313 1466 1384 t37)‘l
1494 1313 1592 1385 ipsam
1622 1313 1748 1385 primam
1777 1315 1844 1370 novi

134 1398 173 1454 bil
202 1398 262 1454 scis
288 1398 509 1469 mathematica,
538 1402 563 1457 si
594 1402 746 1458 nesciebas
775 1409 801 1458 to
831 1404 963 1459 futurum
1019 1399 1277 1474 discipuliatipam
1295 1401 1430 1457 Minerva
1446 1406 1475 1456 et
1490 1401 1591 1458 honori
1607 1408 1635 1457 at
1647 1403 1758 1458 nomini
1774 1420 1843 1460 con·

131 1487 341 1543 Christianum.
359 1487 410 1544 Sin
422 1488 550 1558 sciebas,
568 1488 623 1546 hoo
634 1505 752 1562 quoque
767 1491 842 1548 seire
858 1491 964 1548 dobue-
1018 1493 1124 1558 sacrat,
1139 1496 1171 1546 ut
1181 1490 1236 1546 atsi
1248 1491 1270 1524 ⁵¹
1284 1508 1341 1546 non
1359 1491 1529 1562 profanatus
1543 1490 1631 1548 alicui
1646 1490 1842 1563 idolo,verbo·

131 1593 189 1646 ras,
206 1576 280 1632 nibil
294 1577 348 1634 tibi
365 1577 497 1634 futurum
512 1595 582 1635 cum
597 1578 655 1636 ista
680 1580 878 1651 professione.
896 1585 963 1652 ipsa
1018 1581 1105 1635 tanus
1121 1579 1157 1634 de
1172 1578 1334 1652 idolothyto
1349 1593 1413 1634 esse
1430 1578 1546 1635 dicatur
1560 1579 1627 1651 (38).
1643 1579 1718 1645 Quid
1742 1582 1842 1639 minus

132 1669 159 1722 te
171 1665 209 1722 de
224 1664 355 1738 periculo
371 1681 426 1723 auo
440 1666 612 1736 instrueret,
636 1683 700 1739 que
717 1668 842 1725 aliorum
859 1669 961 1726 clima·
1017 1673 1061 1724 est
1075 1668 1291 1740 inquinamenti
1312 1667 1335 1703 ⁸³
1350 1683 1384 1724 eo
1399 1668 1477 1739 quod
1507 1672 1628 1740 praestat
1654 1675 1786 1741 quastus
1814 1675 1843 1728 at

134 1755 242 1811 ateriae
257 1753 397 1828 praecanit
411 1755 479 1828 (35),
493 1760 555 1814 Noa
569 1759 609 1814 ert
629 1757 681 1812 tibi
705 1771 774 1828 pars
801 1771 962 1830 nequesars
1017 1756 1185 1814 nominibus
1199 1760 1229 1812 et
1256 1756 1420 1814 honoribus
1441 1755 1519 1812 idolo
1549 1758 1841 1829 nuncupatus‘itam

977 1802 1000 1868 B

133 1843 230 1900 indta
258 1843 450 1917 ratianeffct.
480 1860 544 1912 vna,
571 1843 628 1915 21).
658 1843 722 1900 Non
751 1849 848 1916 potest
872 1861 962 1918 regna
1014 1845 1183 1902 Minervalia
1210 1843 1357 1914 Minervas,
1387 1861 1475 1916 quam
1504 1845 1671 1902 Saturnalia
1709 1847 1841 1920 Saturni,

132 1931 273 1989 calorum
289 1949 418 2006 sperare,
430 1933 516 2005 cujas
531 1932 643 2007 digitus
653 1937 705 1990 aut
716 1933 817 1992 radius
829 1935 962 1993 abutitur
1014 1952 1078 2008 quae
1102 1935 1192 1992 etiam
1219 1933 1372 1992 serviculis
1400 1933 1456 1990 sub
1479 1937 1610 2008 tempore
1639 1935 1840 1994 Saturnalium

135 2020 218 2078 cralo.
1014 2024 1154 2082 celebrari
1169 2039 1289 2082 necessa
1303 2028 1359 2081 cst.
1374 2024 1468 2080 titiam
1484 2028 1589 2082 strena
1620 2027 1782 2098 captanda,
1811 2029 1842 2084 et

855 2166 957 2231 veria
970 2167 1130 2232 lectiones.

165 2280 188 2323 ⁸⁰
204 2280 235 2337 Si
251 2282 302 2353 qui
314 2313 349 2324 —-
364 2282 539 2340 incidissent
552 2281 658 2354 liipalt.
670 2284 692 2320 ⁵¹
708 2283 753 2340 Sic
765 2285 897 2356 scripturn
912 2285 994 2340 estin
1009 2285 1067 2340 rod.
1083 2285 1177 2356 Anat,
1195 2284 1341 2340 ituenda:
1357 2285 1425 2358 quia
1434 2283 1639 2356 ludimagister
1653 2283 1678 2339 si
1688 2298 1746 2340 non
1758 2284 1842 2340 tabu·

134 2351 211 2410 laria
225 2355 434 2427 frequentabit.
451 2355 552 2425 liipalt.
568 2374 579 2410 .·
589 2363 689 2411 tamen
704 2372 762 2412 non
775 2355 980 2428 frequentabit.
1001 2357 1092 2412 latin.
1103 2363 1203 2412 tamen
1216 2372 1284 2411 non.
1295 2357 1361 2412 lan.
1376 2357 1491 2412 mavult.
1517 2373 1575 2412 nan
1600 2355 1791 2427 Quinquatria
1815 2358 1839 2410 t.

134 2423 365 2496 frequentabit?
379 2427 401 2462 ⁶¹
415 2427 449 2483 ut
462 2431 495 2482 ut
509 2428 535 2484 si
550 2429 644 2484 Paris.
659 2427 682 2462 ⁶³
692 2428 919 2501 inquinamento
933 2432 1027 2485 Paris.
1044 2428 1108 2484 lun.
1126 2443 1159 2485 ao
1174 2427 1249 2484 abest
1260 2429 1350 2484 Paris.
1365 2429 1431 2485 lun.

854 2577 1116 2641 Commentarius.

131 2715 234 2756 aarum
251 2715 315 2772 qua
332 2699 440 2756 feudali
454 2701 597 2759 vocabulo
626 2701 768 2758 beneficia
789 2718 961 2776 nuncupan-
1016 2701 1162 2759 idolorum
1173 2701 1365 2775 quinquatria
1375 2708 1474 2759 tamen
1485 2701 1691 2775 frequentabit.
1703 2722 1718 2752 n
1733 2701 1841 2759 Varum

132 2771 619 2843 tur,aimoniecrimeatribuare
645 2773 785 2842 solemus,
816 2775 962 2831 atsiinter
1017 2779 1179 2831 utccnstat
1203 2790 1320 2840 sensus,
1350 2775 1518 2832 adhibenda
1545 2773 1716 2832 distinctio:
1739 2773 1839 2840 «Quis

134 2847 298 2916 emptorem
313 2850 342 2900 et
356 2845 538 2902 venditorem
563 2846 598 2902 da
628 2845 827 2918 comparando
850 2847 958 2918 Spiritu
1016 2846 1231 2920 ludimagister,
1261 2846 1325 2903 sine
1348 2846 1451 2903 tabula
1485 2851 1596 2919 septem
1626 2845 1797 2902 idolorum?
1823 2865 1837 2895 n

133 2921 237 2971 sancto
253 2915 410 2986 nequidem
431 2917 586 2988 cogitetur.
615 2921 689 2973 Nam
726 2918 802 2974 inter
828 2933 877 2974 eos
906 2918 960 2974 hoc
1016 2918 1125 2974 Deinde
1162 2933 1219 2974 non
1264 2919 1501 2990 interrogatione,
1544 2925 1594 2974 sed
1623 2921 1837 2990 asseveranter,

132 2993 249 3042 tantum
265 2989 363 3059 agitur
376 2992 408 3043 ut
423 2987 453 3044 ia
469 2994 631 3062 emptorem
643 2993 773 3046 transeat
788 2990 840 3060 jus
863 2989 958 3061 perci·
1014 3013 1028 3040 a
1046 2989 1239 3062 quinquatria
1253 2993 1351 3046 teman
1367 2989 1602 3062 frequentabit.»
1632 2991 1690 3045 Aut
1704 2988 1730 3045 si
1745 2988 1835 3045 iater-

131 3058 232 3130 piandi
255 3059 368 3116 reditus
382 3075 417 3116 ex
445 3060 682 3132 possessionibus
710 3059 844 3117 beneficii
875 3060 959 3116 titulo
1014 3060 1125 3144 rogatio
1141 3061 1262 3132 ponitur
1276 3061 1306 3117 in
1322 3061 1389 3130 fine,
1405 3061 1570 3118 necessario
1585 3058 1742 3133 legandum
1759 3060 1836 3116 sicut

131 3129 365 3203 comprehensis.
384 3132 418 3187 ut
433 3147 497 3204 qua
512 3133 650 3206 apuduos
659 3132 779 3207 pinguia
790 3137 859 3187 sunt
870 3132 956 3188 beno·
1013 3133 1179 3188 edidimus:
1195 3155 1209 3183 a
1221 3131 1291 3199 Quis
1310 3132 1515 3206 ludimagister
1528 3133 1591 3188 sine
1606 3133 1709 3189 tabula
1724 3136 1836 3204 septem

130 3204 208 3268 licia,
225 3209 347 3270 veteres,
370 3204 460 3259 etiarn
488 3211 569 3260 extra
598 3205 649 3260 Dei
679 3205 836 3272 civitatem,
860 3205 958 3260 dixere
1013 3205 1479 3275 idolorum,quinquatriatamen
1496 3221 1554 3261 non
1584 3203 1834 3276 frequentabat»

128 3271 230 3348 ἀγαθὰς
251 3271 411 3348 ἱερωσύνας.
435 3275 501 3331 Jam
522 3292 589 3332 vero
619 3277 730 3348 pridem
761 3274 859 3332 saculi
886 3275 957 3332 vitio
974 3252 994 3318 G
1013 3277 1069 3342 Sic,
1085 3275 1195 3332 utrovis
1211 3277 1297 3332 modo
1312 3276 1403 3349 legas,
1416 3277 1491 3332 idem
1508 3277 1562 3333 arft
1578 3291 1701 3333 sensus:
1718 3273 1834 3331 nullum

128 3361 274 3402 evanuere
288 3348 324 3402 de
345 3349 434 3403 rebus
448 3347 620 3408 christianis
647 3348 785 3420 preclara
799 3347 850 3402 illa
864 3347 958 3404 sancti
1013 3364 1078 3404 essa
1093 3348 1343 3418 ludimagistrum,
1359 3349 1409 3421 qui
1426 3365 1483 3404 non
1500 3346 1605 3403 babeat
1633 3348 1664 3403 in
1698 3346 1768 3402 ludo
1782 3361 1837 3402 suo

132 3417 264 3489 Spiritus
278 3419 431 3475 miracula.
447 3418 510 3476 Ric.
1013 3420 1074 3476 sive
1095 3418 1196 3476 ecbola
1222 3419 1354 3476 tabulam
1377 3425 1488 3492 septam
1518 3419 1674 3484 idolorum,
1701 3417 1757 3474 hoo
1781 3421 1837 3486 ast,

164 3487 369 3562 (Sblllioram
391 3491 576 3548 climacterica
600 3491 749 3562 praecanit.
774 3489 959 3545 Climatarica
1012 3501 1124 3565 septem
1145 3491 1341 3562 planetarum,
1370 3491 1467 3557 Luna,
1496 3491 1606 3559 llartia,
1634 3489 1780 3560 Mercurii,
1809 3495 1839 3545 et

133 3559 207 3616 dicit
224 3567 305 3616 certa
318 3561 543 3633 altaspatiaper
557 3578 650 3619 annos
666 3576 768 3616 novem
780 3566 831 3617 aut
845 3564 957 3634 septem
1012 3570 1194 3632 caeterorum,
1211 3565 1288 3619 uode
1303 3563 1423 3618 aomina
1448 3562 1561 3619 dierum
1577 3561 1771 3618 hebdomadis
1785 3577 1838 3616 cu·

132 3632 255 3688 scansili
273 3633 384 3688 ratione
399 3633 558 3700 currentia,
573 3650 637 3705 quea
652 3632 777 3688 Chaldaei
795 3631 958 3704 periculosa
1007 3636 1119 3707 iusque
1132 3652 1138 3702 ;
1153 3639 1205 3689 aot
1219 3635 1244 3691 ei
1260 3636 1325 3705 quis
1342 3634 1503 3706 reperiatur
1529 3635 1640 3706 absque
1665 3631 1837 3704 hujusmodi

130 3703 371 3772 asseafflrmant,
396 3704 539 3776 precipue
568 3721 635 3760 vero
662 3720 772 3760 annum
800 3705 845 3759 63.
878 3702 957 3758 llunc
1011 3706 1211 3776 tabuln‚bunc
1238 3708 1425 3777 tamenquin
1451 3704 1545 3761 catria
1569 3706 1835 3777 frequentaturum.

128 3774 210 3830 enim
228 3773 272 3829 illi
286 3775 452 3832 climactera
464 3775 633 3832 androclam
662 3793 727 3832 esse
751 3775 835 3830 aiunt
858 3777 956 3831 Graeco
1011 3778 1082 3843 Quia
1098 3783 1196 3834 autem
1214 3777 1300 3834 fuerit
1312 3723 1834 3850 apunianimagistrasiatiusubnta

128 3845 284 3903 vocabulo.
300 3847 381 3913 Quod
396 3846 492 3903 Latini
502 3846 633 3904 dicarent
646 3847 746 3902 virit'ra
770 3863 830 3902 um.
846 3845 886 3900 Da
902 3846 957 3902 boc
1011 3851 1072 3904 siva
1100 3849 1232 3905 laterculi
1258 3855 1370 3921 septam
1397 3851 1510 3904 diarum
1552 3864 1635 3914 usus,
1661 3848 1834 3920 diligentias

128 3935 196 3974 varo
216 3917 387 3974 climactera
416 3919 499 3975 locus
525 3923 570 3974 est
599 3917 725 3991 insignis
749 3861 808 3973 ᾖα),
839 3917 956 3998 l'irnrici
1012 3920 1387 3992 inquirarancntantiaat.
1405 3919 1537 3976 Forsitan
1560 3919 1833 3991 prescriptumaut

125 3989 413 4061 Matbea.lV,quem
430 3989 466 4046 ab
495 3990 556 4046 Joe.
581 3989 726 4062 Scaligero
750 3989 813 4061 jam
843 3989 953 4044 radica·
1010 3991 1209 4063 significatum
1226 3990 1440 4062 illicfuitquid
1469 4006 1586 4062 quaque
1614 3992 1661 4046 die
1677 3988 1833 4062 discipulis

126 4067 190 4117 tam
207 4061 284 4117 satis
298 4077 363 4118 ease
379 4061 580 4128 concederem,
596 4061 654 4117 nisi
669 4060 852 4118 emendatior
864 4059 913 4115 hio
939 4075 957 4114 a
1009 4064 1084 4119 tradi
1101 4063 1218 4119 reddire
1231 4067 1387 4135 oporteret.
1402 4062 1563 4130 Juvenalis,
1584 4065 1644 4118 Sat.
1660 4077 1701 4116 vu
1718 4077 1725 4116 :

126 4134 213 4190 nobis
231 4133 323 4188 exiret
336 4148 353 4188 a
367 4131 503 4189 bibliotb.
532 4133 629 4206 Regia.
660 4135 708 4190 Sic
735 4133 814 4188 enim
830 4131 957 4204 legimns

126 4204 458 4277 invetustoaxamplari
484 4220 518 4261 :a
548 4205 621 4261 Sane
644 4213 725 4261 extra
751 4211 871 4260 cataros
900 4201 954 4260 cli-

125 4282 285 4342 mactatas,
300 4276 388 4331 etism
403 4275 519 4350 septimi
549 4277 659 4333 anniat
692 4275 773 4344 noni,
805 4289 956 4345 peremne

125 4347 192 4402 vitas
208 4353 329 4419 tempus
348 4347 544 4421 multiplicata
567 4349 679 4404 ratione
693 4350 855 4414 currentes,
872 4350 956 4402 natu·
1011 4347 1050 4401 Ea
1065 4346 1122 4413 die,
1139 4344 1263 4412 scilicet,
1278 4344 1369 4400 totius
1386 4341 1580 4400 hebdomadis
1606 4359 1727 4400 summa
1754 4339 1836 4398 oolli-

127 4419 180 4474 rati
193 4419 328 4491 quadam
352 4423 382 4475 ct
408 4419 510 4476 latenti
536 4419 661 4486 ratione,
689 4418 778 4475 variis
807 4418 954 4474 bominem
1009 4420 1143 4491 gebatur.
1168 4417 1517 4489 Septimadie,quieaet
1543 4415 1648 4472 otium.
1680 4415 1746 4487 lpse
1767 4413 1836 4468 'lar-

128 4488 329 4561 perianlarum
350 4489 570 4548 discriminibus
585 4506 702 4562 semper
715 4490 857 4546 afliciunt.
875 4490 956 4546 Uada
1009 4490 1153 4546 tullianus
1168 4488 1243 4544 libro
1259 4490 1294 4544 ad
1310 4487 1451 4544 Nationes
1461 4487 1568 4559 primo,
1578 4501 1641 4558 cap.
1657 4501 1708 4541 1111
1726 4501 1732 4542 :
1748 4507 1763 4537 a
1778 4483 1837 4540 Vos

127 4567 156 4616 et
168 4563 207 4617 63
222 4578 332 4630 annas,
349 4562 420 4634 qaia
433 4563 586 4634 utriusque
608 4563 724 4618 numeri
740 4577 888 4618 summam
902 4577 953 4633 pa·
1010 4567 1088 4618 certa
1103 4560 1187 4626 estis,
1203 4559 1253 4632 qui
1269 4559 1298 4615 in
1315 4558 1490 4616 laterculum
1517 4563 1629 4631 septem
1653 4559 1766 4614 dierum
1782 4557 1837 4613 Sa·

129 4633 200 4689 riter
211 4633 331 4706 accipit,
351 4634 505 4690 androclas
521 4650 556 4705 ap
579 4633 686 4690 allatas
707 4638 761 4690 ast.
778 4654 791 4682 a
821 4632 855 4688 tat
871 4631 956 4704 paula
972 4611 995 4677 D
1012 4633 1070 4690 lem
1087 4632 1282 4704 recepistia‚at
1295 4646 1328 4688 ex
1345 4631 1450 4687 diebus
1466 4631 1565 4702 ipsam
1580 4628 1839 4711 praelagistis,·qao

129 4711 214 4774 post:
233 4727 248 4754 a
266 4706 524 4762 Hsaexcausaab
572 4703 957 4778 gyptiisandroclasdictus
1011 4705 1057 4761 dia
1072 4703 1219 4759 lavacrum
1235 4701 1431 4770 subtrahatis,
1447 4708 1499 4758 ant
1527 4701 1558 4757 in
1572 4717 1722 4774 vesperam
1751 4701 1838 4756 datie·

128 4781 184 4843 ast,
201 4777 284 4849 quod
300 4793 417 4832 omnam
433 4776 487 4834 viri
502 4775 697 4832 substantiam
727 4778 841 4847 frangat
858 4791 892 4830 ao
905 4776 956 4830 de·
1012 4775 1095 4840 ratis,
1111 4780 1162 4830 aut
1177 4775 1268 4831 otium
1284 4779 1313 4830 et
1329 4775 1486 4848 prandiam
1503 4771 1622 4830 curatis.
1639 4793 1653 4822 a
1669 4775 1733 4828 itia.

129 4847 237 4903 bilitat.
254 4867 267 4900 r
285 4851 393 4904 Eadem
408 4865 475 4905 vera
500 4849 653 4904 occasione
681 4847 886 4904 describantur
910 4845 957 4902 hio
1047 4847 1104 4918 (37)
1131 4845 1317 4928 Quinquatria
1346 4853 1438 4902 tannen
1460 4844 1658 4916 frequentabit.
1686 4842 1838 4913 Quinqua-

128 4919 511 4976 atiameaetaribnslibris
548 4919 715 4976 uaedamab
736 4918 843 4990 Agellio
870 4919 960 4973 citata
1014 4917 1079 4983 tria,
1096 4933 1147 4973 sau
1164 4919 1375 4988 Quinquatrus,
1392 4939 1406 4968 a
1435 4920 1524 4972 Sacra
1552 4915 1697 4987 Minerva,
1718 4914 1839 4970 nomina

128 5006 162 5046 ex
174 4990 275 5064 prima
289 4989 431 5048 librorum
445 4935 574 5064 queant.
593 4991 680 5047 Varro
707 4988 861 5063 inscripsit
882 4989 959 5044 tieb-
1013 5004 1079 5059 qura
1094 5005 1110 5043 a
1119 4989 1233 5114 quantis
1248 4989 1382 5070 quinqua
1408 4987 1512 5044 diebus
1542 4987 1663 5070 babent,
1678 5007 1692 5036 >r
1719 4988 1761 5068 Ad
1778 4985 1839 5041 bac

127 5062 351 5132 demades,ch
375 5063 410 5118 de
438 5061 618 5134 imaginibus
641 5061 798 5134 septenarii
818 5058 957 5116 numeri:
1013 5075 1097 5115 saera
1135 5061 1346 5131 udimagastras
1366 5063 1451 5117 vocat
1480 5060 1558 5115 idem
1583 5058 1715 5126 Ovidius,
1740 5057 1791 5114 nb.
1807 5073 1840 5112 111

130 5134 354 5191 ‹Climsataras
369 5135 561 5207 gravissimos
576 5149 710 5207 quosque
738 5132 800 5190 llari
829 5137 959 5203 septena·
1011 5133 1117 5188 Fertor.
1137 5149 1143 5187 :

129 5205 202 5262 rios.
225 5207 320 5262 sitio.

160 5276 222 5346 (36)
238 5299 252 5326 n
284 5277 352 5345 onis
382 5276 442 5331 ludi
469 5277 610 5346 magister,
639 5275 698 5330 aine
727 5274 822 5330 tabula
858 5279 959 5343 reptem

127 5347 284 5402 idolorum.
302 5369 316 5398 a
331 5347 587 5419 Antenlagabatur
599 5364 606 5403 :
619 5369 632 5396 a
649 5346 720 5410 Quis
732 5346 794 5402 ludi
806 5344 959 5416 magister,

127 5420 150 5474 ai
168 5434 230 5474 non
247 5417 565 5490 tabulariaidalarnm,
602 5418 884 5490 uinquatriatamen
902 5415 959 5469 lra-
1049 5413 1106 5486 (38)
1125 5417 1292 5472 verbotenus
1319 5415 1351 5472 de
1375 5415 1532 5487 idolothyta
1560 5411 1762 5472 recantantur.
1791 5411 1842 5468 Sa·

128 5490 327 5558 qaentabit.»
351 5491 435 5546 Nulla
460 5507 561 5547 sensu.
617 5490 767 5546 artissima
795 5493 858 5544 arat
886 5486 958 5542 scri·
1014 5489 1115 5558 quitur
1129 5488 1158 5542 in
1188 5487 1317 5558 vulgatis
1346 5486 1549 5542 editionibus:
1575 5509 1589 5536 n
1617 5485 1671 5540 Pro
1687 5481 1843 5539 idololatra

129 5565 220 5632 ptura
235 5567 330 5630 vetus,
343 5561 403 5632 jam
417 5561 571 5619 observata
585 5561 706 5635 qnidam
730 5565 856 5628 Sarraeo,
881 5573 959 5614 nuno
1014 5559 1131 5614 vitetur.
1146 5581 1160 5610 o
1175 5561 1258 5624 Quod
1274 5575 1331 5614 non
1349 5559 1464 5614 videtur
1489 5574 1554 5614 esse
1575 5553 1757 5618 Tertulliani,
1786 5553 1841 5634 etsi

127 5631 220 5688 eliam
240 5631 697 5705 Agabardiaodiaaaonurmata.
728 5633 828 5688 Eaast
853 5631 960 5702 hujus·
1016 5630 1126 5686 incod.
1155 5631 1300 5702 Agabardi
1330 5630 1526 5702 reperiatur:
1557 5650 1571 5678 a
1597 5628 1650 5682 Pro
1675 5623 1841 5682 idololatria

129 5705 232 5764 madi:
252 5705 351 5778 «Quis
374 5705 437 5763 ludi
464 5705 605 5780 magister
632 5705 696 5764 sine
725 5704 827 5761 tabula
846 5709 958 5776 septam
1015 5702 1133 5758 vitatur.
1152 5723 1166 5752 n

1058 4177 1096 4226 b'il
1111 4176 1171 4226 salit
1186 4175 1310 4226 arcadico
1322 4175 1427 4240 juveni,
1439 4176 1516 4241 cujus
1532 4175 1597 4226 mibi
1611 4180 1685 4225 sexta

1056 4240 1166 4305 Quaqua
1182 4239 1224 4289 dle
1239 4239 1365 4289 miseram
1381 4238 1457 4288 diras
1480 4243 1560 4303 ceput
1587 4237 1716 4288 Hannibal
1732 4236 1836 4301 implet.

1044 5247 1097 5294 Nec
1112 5257 1160 5295 vos
1175 5245 1253 5294 turba
1268 5245 1316 5296 fari
1331 5259 1413 5295 aenan
1429 5246 1552 5297 fraudata
1566 5244 1688 5310 magistri

1060 5309 1194 5372 Spatana,
1210 5307 1355 5371 discipulas
1371 5310 1480 5359 attrabit
1497 5310 1542 5360 ille
1553 5321 1649 5360 novos.
1697 5305 1756 5355 Rra.
