4068 6186
123 345 169 407 liei

656 339 952 404 sponoaniissus
978 339 1070 404 anv.
1101 339 1267 402 GllN‘l'hlS.

1746 339 1807 402 602

121 474 189 534 enim
211 489 266 529 555
294 473 396 530 tundis
419 471 495 545 (5l):
512 489 528 529 0
543 471 713 546 philosophi
729 471 924 546 magnanimi·
938 475 969 542 A
982 473 1060 530 ssa
1075 477 1219 546 quantum
1234 469 1389 545 sanguinis
1404 469 1544 528 fuderint.
1561 471 1584 528 0
1603 469 1728 544 gloriam
1744 470 1806 530 lici·

121 563 261 635 stingui
277 561 380 618 detali
396 577 449 618 sno
465 562 542 618 exitu
556 562 644 618 stiam
654 561 825 634 jocabatnrl
839 561 929 618 Omit-

122 659 202 710 toeos
216 651 265 724 qui
280 666 347 708 cum
362 649 460 724 gladio
470 651 586 724 proprio
601 651 693 708 aliove
707 666 813 724 genere
823 650 928 707 mortis

122 743 225 798 mitiore
240 741 274 798 ds
289 739 376 797 laude
387 740 572 813 pepigerunt.
584 741 656 797 Ecce
666 739 745 796 enim
755 743 785 797 et
798 745 927 797 tormen·

122 836 203 888 ternio
218 829 380 886 certamina
392 834 571 885 coronantur
585 845 602 886 a
614 830 708 886 vobis.
722 830 818 886 Attica
834 843 927 884 mere·

120 920 169 975 trix
182 919 245 990 (52),
262 917 398 975 carnilice
407 919 470 990 jam
486 918 617 992 fatigato,
632 924 780 990 postremo
795 917 927 992 lingnam

120 1025 194 1065 snam
209 1015 368 1064 comestam
392 1007 420 1062 in
443 1007 546 1064 laniem
574 1007 689 1082 tyranni
718 1007 862 1065 saevientis
877 1024 927 1064 ex·

119 1096 233 1170 spritui
247 1101 405 1170 exspueret
419 1099 448 1153 et
461 1113 612 1167 vocem,ne
624 1097 793 1168 conjuratos
808 1097 927 1154 conflte-

118 1187 138 1242 ri
151 1191 255 1260 posset,
271 1186 297 1242 si
325 1185 414 1242 etism
435 1184 511 1242 victa
538 1184 690 1242 voluisset.
716 1186 791 1243 Zeno
806 1185 928 1256 Eleates,

117 1274 260 1332 consultus
275 1292 292 1331 a
307 1275 444 1348 Dionysio
460 1275 603 1347 quidnam
613 1275 800 1349 philosophia
810 1279 929 1348 prasta-

982 566 1053 628 nm,
1071 561 1140 634 quia
1153 561 1327 633 humanam,
1343 560 1389 617 cui
1406 576 1459 618 nec
1475 561 1664 634 presumptio
1680 561 1804 634 perdita,

982 667 1035 708 nec
1050 651 1200 723 persuasio
1217 651 1371 722 desperata
1394 650 1552 723 deputatur
1579 650 1610 706 in
1634 654 1803 723 contemptu

983 740 1084 797 mortis
1098 743 1128 797 et
1152 738 1315 796 atrocitatis
1344 737 1530 808 omnimode,
1549 738 1598 796 aui
1620 742 1735 796 tantum
1751 755 1803 812 pro

982 829 1087 902 patria,
1101 845 1154 902 pro
1176 843 1246 901 agro
1275 828 1341 901 (53),
1358 833 1410 900 pro
1438 827 1573 901 imperia,
1600 843 1652 900 pro
1676 827 1805 886 amicitis

983 917 1045 990 pati
1060 917 1237 990 permissum
1257 923 1313 984 est,
1329 920 1472 990 quantum
1496 933 1549 989 pro
1567 917 1625 974 Deo
1641 933 1698 974 non
1714 915 1802 974 licetl

982 1007 1018 1062 lit
1031 1011 1130 1063 tamen
1146 1005 1205 1062 illis
1220 1006 1358 1063 omnibus
1378 1010 1406 1062 et
1430 1011 1545 1064 statuas
1561 1007 1617 1080 (sl)
1631 1005 1803 1074 deluntlitis,

982 1099 1011 1152 st
1026 1095 1168 1170 imagines
1192 1094 1353 1152 inscribitis
1377 1094 1432 1168 (55)
1448 1100 1478 1152 et
1505 1093 1607 1152 titulos
1628 1094 1758 1153 inciditis
1774 1095 1804 1152 ln

982 1185 1174 1242 eternitatem
1190 1184 1266 1257 (56);
1282 1188 1426 1257 quantum
1442 1183 1478 1241 ds
1493 1183 1694 1241 monumentis
1712 1187 1806 1257 potes-

981 1275 1021 1332 tis
1035 1274 1156 1343 scilicet,
1172 1273 1319 1346 praelatis
1332 1278 1361 1330 et
1375 1273 1432 1346 ipsi
1447 1272 1664 1346 quodammodo
1680 1273 1805 1333 mortuis

116 1368 238 1432 istrum
254 1364 465 1438 respondisset,
480 1369 680 1438 contemptum
696 1366 811 1437 mortis,
827 1364 928 1436 ilagcl·
982 1363 1237 1420 resurrectionem.
1259 1363 1336 1419 llano
1351 1362 1401 1435 qui
1425 1378 1524 1419 veram
1550 1364 1639 1420 allec
1654 1367 1762 1436 sperat,
1779 1362 1806 1420 si

116 1453 146 1510 lis
159 1455 180 1490 '⁰
194 1455 308 1528 tyranni
334 1454 484 1524 subiectus
508 1454 686 1511 sententiam
701 1470 785 1512 suam
797 1455 833 1511 ad
849 1471 928 1511 mor·
982 1468 1035 1526 pro
1050 1451 1109 1508 Deo
1123 1452 1263 1525 patietur,
1278 1451 1402 1508 insaniis
1414 1454 1469 1507 est.
1485 1450 1540 1507 Sed
1554 1450 1611 1508 bon
1630 1451 1719 1524 agite,
1735 1451 1805 1508 boni

114 1547 165 1600 tem
180 1559 273 1617 usque
287 1543 435 1617 signabat.
452 1543 533 1600 Certe
560 1543 708 1602 Laconum
732 1542 856 1618 flagella,
872 1543 928 1602 sub
982 1541 1133 1616 presides,
1148 1539 1283 1597 meliores
1309 1538 1402 1597 multo
1426 1540 1504 1614 apud
1529 1538 1682 1614 populum,
1698 1539 1723 1596 si
1746 1539 1806 1599 illis

114 1632 196 1690 oculis
211 1633 300 1689 etism
325 1631 507 1690 hortantium
535 1633 765 1706 propinquarum
782 1632 927 1701 acerbata,
982 1631 1165 1688 Christianos
1198 1629 1428 1688 immolaveritis.
1474 1629 1616 1698 cruciate,
1661 1632 1805 1702 torquete,

114 1725 219 1780 lantum
249 1721 392 1778 honorem
430 1720 592 1780 tolerantias
628 1722 728 1780 domni
762 1722 926 1796 conterunt,
982 1721 1129 1793 damnate,
1141 1717 1616 1792 alteritcnos;probnticestenim
1631 1714 1804 1777 innocentie

800 1867 902 1932 Vsriae
918 1866 1078 1931 lectiones.

112 2052 118 2064 ι
140 1980 323 2066 ”siclinien
339 1985 365 2038 et
378 1981 438 2052 155.
450 1981 519 2066 ded.
532 1982 611 2067 fuld.
627 1985 653 2038 et
677 1983 722 2067 ed..
737 1985 802 2069 lica
823 1986 993 2067 contemptu
1023 1979 1128 2040 mortis
1155 1977 1371 2065 impassibilem
1388 1979 1460 2037 llsri.
1480 1983 1535 2037 stc.
1552 1979 1638 2038 litem
1667 1983 1703 2037 et.
1731 1981 1797 2042 ller.

110 2053 338 2198 fffflolgltlrlssus
352 2053 486 2127 flagellis.
502 2055 555 2111 clii
569 2053 763 2128 impassibilis
777 2055 912 2129 llagellis,
936 2058 990 2112 etc.
1009 2054 1068 2112 l'nc.
1091 2051 1242 2125 sublectus
1271 2067 1422 2126 recepimus
1444 2067 1480 2110 ec·
1509 2053 1570 2112 cod.
1598 2051 1689 2122 suin,
1716 2051 1802 2126 culpe

808 2223 1070 2286 Commentarius.

108 2338 156 2393 ridi
171 2337 306 2412 exempla
321 2339 350 2395 in
366 2338 449 2396 Notis
465 2339 671 2413 Lindenbrogii
688 2342 724 2397 ad
740 2340 855 2415 Virgilii
871 2341 923 2398 Ca·
940 2343 962 2410 Β
979 2339 1080 2412 regina
1094 2337 1178 2408 Dido,
1194 2353 1269 2410 qua,
1287 2337 1365 2396 corio
1379 2338 1463 2396 bovis
1476 2339 1652 2399 immensam
1667 2337 1799 2398 latitudi-

110 2409 215 2476 talscta‚
230 2428 261 2483 p.
277 2411 341 2467 3⁰1.
367 2411 573 2468 Elmenborstii
589 2413 626 2468 sb
650 2414 771 2481 Arnab,
790 2430 816 2486 p.
833 2415 879 2476 dd,
895 2417 925 2469 et
978 2428 1044 2468 nem
1058 2409 1478 2483 dimensa,alrnsdecepcrst:
1494 2411 1559 2482 ipsa
1574 2411 1651 2467 enim
1668 2415 1730 2468 arnt
1743 2413 1800 2486 'l'y-

109 2481 187 2554 Lydio
201 2483 235 2538 de
250 2483 367 2548 Rediit,
384 2499 413 2555 p.
429 2485 473 2538 77.
487 2483 630 2540 Omnibus
657 2482 724 2540 addi
741 2490 837 2557 pctest
850 2485 922 2541 illud
978 2483 1092 2540 ris.Noc
1105 2483 1184 2538 enim
1198 2485 1313 2537 tantum
1338 2481 1519 2539 connubium
1539 2483 1630 2539 larba
1646 2485 1731 2556 lugit,
1747 2487 1800 2542 sed

109 2553 229 2625 Gregorii
245 2559 382 2611 Nazianz.
398 2555 436 2611 de
454 2557 520 2613 Vitis
533 2556 623 2628 differ.
641 2577 656 2608 a
671 2557 737 2614 [isto
753 2563 923 2628 autemnon
978 2555 1164 2629 providenter
1186 2553 1314 2625 providit
1340 2553 1547 2628 Carthaginem
1570 2555 1625 2611 sub
1640 2554 1692 2612 illa
1706 2558 1804 2630 specie

106 2625 161 2754 itt
175 2626 922 2757 inlisisinlisistitillittlttllitti·
978 2623 1653 2755 attinentiisbittine
1667 2631 1696 2685 ⁰²
1710 2628 1804 2688 *²²⁰¹*

108 2715 601 2842 (555555155555555558555555
628 2717 815 2840 sicignano,
832 2788 923 2899 oeffm'
1013 2715 1209 2844 (5iipsictms.
1226 2739 1406 2852 Quibfrssibi
1421 2739 1457 2826 ad
1469 2715 1663 2853 aeginanem
1678 2773 1804 2844 patroci-

108 2856 157 2912 qne
177 2841 343 2898 anhelitum
364 2843 485 2914 ducens,
508 2859 541 2898 ac
565 2844 699 2901 servilem
738 2844 767 2900 in
803 2858 851 2900 mo
875 2861 922 2900 um
978 2846 1048 2899 nats
1062 2846 1107 2898 est
1122 2839 1292 2912 antiquitas.
1311 2841 1394 2897 Unde
1409 2841 1501 2899 solers
1523 2842 1630 2899 Phidia
1650 2842 1803 2901 inventum

108 2913 198 2970 edens.
216 2913 319 2970 »His
979 2918 1078 2969 narrat
1102 2912 1200 2969 Cicero
1224 2910 1331 2968 Tuscul.
1365 2913 1464 2982 Qcaert.
1495 2915 1611 2981 i,34:«
1643 2915 1698 2970 Sed
1729 2916 1801 2988 qnid

121 2986 192 3064 Ι(51)
207 2984 404 3041 Anaxarchum
419 2986 494 3040 enim
517 3001 575 3042 non
597 2985 701 3041 tundis.
718 2985 796 3042 ldcin
813 2988 921 3058 Grego-
999 2983 1135 3041 oetas‘lo
1159 2983 1239 3038 ilices
1261 2984 1349 3066 etiam
1366 2989 1431 3056 post
1446 2989 1569 3040 mortem
1586 2985 1736 3042 nobilitari
1751 3003 1800 3044 vor

107 3069 160 3111 nus
183 3059 274 3129 cygn.
301 3057 393 3112 dorm.
420 3056 454 3111 de
482 3057 576 3113 Animi
600 3057 799 3118 submissione:
817 3080 828 3106 ι
847 3057 922 3116 Num
978 3003 1054 3114 furit.
1070 3056 1124 3122 Qui
1155 3054 1233 3111 enim
1249 3052 1446 3111 PhidiasiSui
1472 3056 1599 3112 similem
1614 3057 1741 3129 speciem
1757 3058 1804 3115 in·

979 3128 1068 3184 clusit
1081 3127 1111 3183 in
1126 3126 1226 3200 clypeo
1240 3125 1384 3194 Minerva,
1399 3141 1467 3183 oum
1483 3127 1643 3185 inscribere
1661 3145 1719 3186 non
1735 3129 1803 3186 lice·

979 3207 1032 3257 ret.
1051 3222 1065 3250 »
1082 3197 1209 3284 Insignis
1225 3197 1342 3254 llusebii
1371 3198 1453 3254 locus
1476 3204 1521 3256 ast
1542 3201 1572 3256 in
1590 3199 1642 3256 lib.
1659 3202 1805 3271 adelitia

978 3272 1154 3331 constumias
1168 3270 1275 3341 Magni,
1291 3285 1316 3326 cr
1333 3271 1369 3326 2:
1385 3291 1400 3322 a
1415 3268 1558 3329 Videlicet
1580 3275 1688 3329 natura
1708 3273 1804 3331 homi-

978 3359 1050 3400 num
1067 3341 1155 3399 sortis
1170 3340 1283 3414 fragilis
1298 3341 1457 3398 etcaduca
1473 3347 1639 3400 commenta
1654 3344 1803 3414 solatium,
1881 3358 1882 3364 ’

980 3415 1160 3486 imaginibus
1175 3413 1308 3481 edendis,
1319 3415 1464 3484 majomm
1481 3415 1653 3473 memoriam
1669 3416 1805 3474 coleress

980 3487 1094 3560 putavit
1108 3485 1218 3542 honore
1254 3501 1427 3542 armannum
1439 3501 1446 3543 :
1459 3487 1567 3559 partim
1582 3488 1806 3546 adumbratione

980 3560 1101 3632 pictura
1114 3573 1180 3614 cera
1194 3501 1342 3627 delibutis,
1358 3558 1465 3627 partim
1481 3575 1498 3616 e
1516 3560 1640 3617 materia
1654 3561 1718 3618 seul
1740 3565 1805 3618 tum

978 3635 1007 3760 pt
1022 3629 1154 3758 (togatum
1170 3634 1287 3702 experte
1310 3633 1421 3699 motus,
1436 3630 1629 3689 simulacrum
1654 3577 1739 3690 maog

992 3720 1018 3760 a.
1034 3723 1048 3751 »
1089 3717 1131 3757 iv.
1172 3729 1175 3734 ·

108 3835 113 3848 ι
1015 3773 1220 3845 (bbllmapines
1244 3770 1409 3828 inscribitis.
1432 3772 1502 3837 Qnae
1525 3774 1636 3844 passim
1662 3773 1759 3832 adhuc
1773 3774 1803 3832 in

105 3851 123 3892 i.
138 3855 161 3896 e.
179 3860 193 3890 5
217 3841 341 3914 Egregie
365 3841 494 3906 voluisti,
510 3857 526 3897 5
554 3847 642 3909 Ζ555,
658 3841 754 3898 occiso
770 3847 926 3914 tyrannos
979 3844 1187 3910 marmoribus,
1199 3843 1326 3916 gemmis
1340 3847 1369 3898 et
1383 3845 1476 3900 sacris
1489 3849 1597 3902 rstsris
1607 3846 1657 3902 sisi
1671 3847 1804 3920 reliquiis

106 3913 237 3968 servitute
268 3913 394 3968 liberare
422 3911 532 3970 lileam.
568 3914 624 3970 Sed
653 3912 785 3970 domitus
812 3920 868 3980 est,
896 3919 926 3971 te
979 3921 1131 3988 apparent.
1147 3915 1242 3979 Quare
1257 3915 1294 3970 de
1309 3917 1449 3972 Varronis
1464 3932 1552 3989 opere
1566 3917 1705 3987 [mortali.
1722 3919 1799 3976 benl

106 3996 227 4056 namque
255 3983 378 4056 capiens
402 3988 546 4054 tyrannus
571 3985 696 4042 contulit
721 3985 750 4042 in
774 3985 924 4042 mortario.
979 3994 1008 4045 et
1022 3984 1209 4044 mortalitatis
1224 3985 1303 4060 leges
1318 3990 1445 4058 experto]
1461 4005 1518 4072 qno
1527 3988 1688 4046 illustrium
1698 3990 1803 4047 Roma·

105 4054 169 4119 Quid
185 4055 278 4111 dico‘l
293 4072 351 4112 non
377 4061 416 4121 te,
441 4057 490 4112 sed
520 4072 627 4129 corpus
650 4060 745 4112 tuum.
772 4078 785 4106 ν
802 4057 924 4114 Nonnus
979 4075 1084 4115 norum
1099 4057 1246 4130 imagines
1264 4073 1316 4114 sen
1339 4055 1554 4132 descriptiones
1569 4061 1722 4134 amplexus
1737 4061 1804 4128 luit,

104 4122 159 4180 loco
173 4143 266 4200 snpra
280 4127 370 4184 citato
385 4126 421 4182 de
451 4127 599 4200 llpicteto;
619 4151 629 4178 ι
647 4127 721 4186 lluio
735 4145 752 4185 a
767 4127 925 4185 Macedone
978 4129 1021 4187 ita
1035 4130 1238 4202 augurabatur
1252 4127 1377 4196 Plinius,
1392 4129 1454 4185 Nat.
1482 4133 1550 4188 llist.
1571 4131 1623 4188 lib.
1637 4147 1721 4194 xxxv,
1737 4148 1802 4204 cap.

104 4197 306 4267 tyrannccrus
329 4197 455 4255 vinculis
479 4199 653 4256 adstrictum
682 4207 737 4257 est.
754 4204 924 4258 Posteaau·
978 4202 1014 4258 2:
1031 4223 1047 4254 s
1068 4201 1237 4258 Inventione
1266 4200 1400 4258 muneris
1427 4202 1514 4258 stiam
1543 4202 1601 4259 diis
1629 4203 1802 4270 invidiosus,

104 4271 325 4326 temcumenm
354 4269 467 4327 solvere
494 4273 638 4343 tyrannus
660 4271 754 4341 vellet,
776 4289 811 4328 ex
831 4289 926 4340 eunuc
979 4274 1098 4346 quando
1111 4273 1366 4342 immortalitatem
1393 4289 1452 4330 non
1480 4273 1577 4332 solum
1594 4274 1685 4342 dedit,
1701 4291 1803 4332 verum

104 4341 374 4409 quareret2Visne,
392 4342 533 4414 Epicteto,
557 4348 585 4400 ts
614 4341 750 4400 solvam?
774 4344 860 4412 Quid,
878 4345 924 4400 in·
979 4346 1068 4402 etism
1094 4346 1352 4403 inomnesterras
1381 4345 1473 4415 misit,
1501 4351 1535 4403 ut
1562 4351 1804 4419 prasentesssse

103 4412 170 4498 quit,
183 4430 220 4470 sn
237 4430 305 4470 sum
320 4412 606 4497 astrictus‘linbus
621 4412 925 4500 videlicetierbisboc
979 4417 1088 4490 ubique
1104 4422 1133 4474 et
1147 4415 1245 4506 claudi
1260 4419 1388 4502 possent.
1404 4417 1475 4502 llsv.
1565 4489 1570 4502 Ι
1754 4487 1762 4502 ·

103 4487 925 4638 {liti{tintinnabanttilittlfts
979 4485 1804 4643 ..liiitisitientis.stiltii‚tiit

102 4642 204 4686 anima.
221 4653 236 4680 »
258 4629 331 4685 Har.
979 4637 1024 4690 est
1039 4631 1216 4690 architectus
1230 4630 1291 4696 ille,
1316 4645 1367 4702 qui
1391 4647 1421 4687 in
1441 4633 1577 4704 superbis
1675 4633 1803 4705 ptinrum

132 4700 185 4772 (52)
208 4701 299 4757 Attico
322 4700 467 4758 meretrix.
496 4703 630 4758 Scortum
659 4699 714 4756 hcc
740 4700 807 4785 ipra
835 4707 924 4759 cantu
979 4703 1138 4762 structuris
1166 4719 1271 4760 nomen
1299 4717 1385 4758 suum
1411 4706 1441 4761 et
1468 4704 1565 4778 operis
1588 4705 1625 4762 de
1648 4705 1803 4764 restionem

101 4768 239 4827 lamiliare
250 4771 410 4829 Harmodio
424 4776 452 4828 et
467 4771 668 4846 Aristogitoni,
685 4772 809 4829 consilis
823 4790 922 4832 eorum
981 4776 1091 4833 duriori
1106 4773 1235 4832 materiai
1251 4772 1421 4848 insculpsit,
1437 4775 1483 4832 cul
1498 4775 1577 4834 calce
1591 4777 1688 4835 oblita
1707 4781 1736 4834 st
1750 4775 1802 4832 ab·

101 4841 349 4915 detyrannicidin.
365 4843 401 4899 ad
419 4849 542 4900 mortem
558 4859 653 4917 usque
668 4845 833 4902 excruciata
847 4863 864 4900 a
879 4851 923 4918 ty·
979 4848 1119 4904 scandite
1136 4846 1212 4917 regis
1229 4861 1335 4902 nomen
1362 4848 1580 4921 superscripsit,
1606 4849 1690 4907 lacile
1706 4845 1805 4922 priesl-

101 4917 207 4982 rsnnis‚
239 4933 297 4972 non
337 4914 475 4986 prodidit.
504 4915 695 4981 Quamobrem
734 4917 924 4974 Athenienses
979 4921 1062 4983 dens,
1079 4917 1219 4992 fragiliori
1236 4917 1362 4974 materis
1384 4917 1515 4992 delapsa,
1534 4921 1613 4988 regis
1628 4918 1801 4978 memoriam

100 4987 325 5044 esminhonore
346 4986 454 5044 habere
474 4986 613 5058 volentes,
631 4995 778 5044 notamen
795 4995 923 5048 scortum
978 4991 1163 5057 abolendam,
1193 5005 1280 5046 suam
1309 5005 1534 5062 permansuram
1563 4995 1634 5050 lore.
1656 4989 1801 5049 llussbins

101 5058 262 5143 celebrasse
276 5059 455 5143 viderentur,
472 5058 579 5115 animal
596 5058 725 5144 nominis
739 5061 805 5131 ejus
821 5061 923 5132 locere,
941 5035 963 5101 D
979 5063 1088 5120 ibidem
1104 5080 1110 5120 :
1129 5085 1143 5114 n
1159 5061 1235 5118 Sunt
1249 5061 1299 5134 qui
1311 5059 1385 5134 pilas
1400 5070 1428 5118 st
1441 5062 1543 5150 cippos
1558 5063 1715 5137 inscriptos
1727 5077 1803 5120 sem·

101 5131 181 5197 atque
197 5136 227 5186 ut
243 5128 459 5214 intelligeretur
471 5147 559 5187 causa
572 5130 701 5198 honoris,
718 5147 747 5186 in
764 5149 851 5206 opere
866 5132 924 5189 lin·
1000 5136 1122 5192 iternam
1145 5133 1430 5190 commendationem
1459 5136 1579 5193 virtutis
1602 5149 1803 5262 eorumdum

99 5215 180 5270 guam
198 5201 268 5258 addi
284 5202 320 5257 ab
337 5202 448 5258 artillce
462 5207 625 5258 vetuerunt.
642 5203 715 5260 Pais.
979 5152 1089 5264 Eabent
1112 5207 1278 5270 adnotatos,
1309 5205 1441 5262 conlerre
1464 5207 1662 5264 crediderunt.
1690 5228 1703 5255 ν
1745 5207 1803 5263 nde

131 5274 187 5346 (53)
203 5275 376 5340 Propotrlo,
392 5289 442 5344 pro
464 5290 541 5344 apro.
558 5274 630 5331 Cum
658 5275 688 5331 in
714 5273 796 5330 auid.
813 5274 925 5332 utiliter
978 5279 1105 5336 Pansam
1119 5284 1149 5336 et
1162 5277 1291 5333 Hirtium
1309 5277 1445 5334 consules
1462 5297 1514 5352 pro
1540 5279 1609 5349 lisp.
1640 5293 1732 5335 censos
1761 5277 1804 5337 ita

100 5343 181 5400 nobis
191 5363 228 5402 au
254 5351 384 5401 mentum
396 5345 468 5401 illud
489 5345 695 5419 suppeditatur
708 5362 758 5418 pre
773 5363 849 5420 apro,
866 5365 923 5406 nnn
978 5351 1107 5408 celebrat
1119 5350 1228 5417 Cicero,
1245 5348 1367 5421 Pliili'pp.
1382 5367 1440 5417 xiv,
1456 5368 1521 5424 cap.
1537 5353 1615 5408 33:-
1633 5350 1696 5407 tlrit
1711 5349 1804 5420 igitur

99 5361 284 5500 debuit'ilfud
299 5417 422 5501 rejicere
439 5416 596 5502 ltigallius,
612 5417 770 5502 namelios
786 5436 843 5476 uon
860 5436 923 5476 mo·
977 5427 1127 5480 exstructa
1142 5420 1233 5478 moles
1248 5436 1335 5492 opere
1350 5422 1517 5508 magnilica,
1529 5421 1803 5496 incisisquelitterae

100 5501 207 5560 rennui
227 5505 265 5544 ne
277 5489 388 5562 dignati
400 5489 518 5561 quidem
529 5494 599 5545 sunl
614 5503 758 5562 inspicere
773 5493 833 5547 tam
850 5507 922 5563 prrs-
978 5495 1081 5552 divimr
1097 5493 1213 5549 virtutis
1224 5495 1313 5549 testes
1324 5509 1385 5549 sem
1409 5499 1525 5554 iterna:
1541 5509 1754 5568 nunquamque
1765 5492 1801 5550 de

98 5555 183 5640 clara.
200 5558 252 5615 Sin
263 5559 340 5616 enim
357 5559 475 5632 singula
498 5561 624 5636 singulis
647 5562 845 5633 respondent:
861 5566 922 5620 llu-
977 5567 1071 5632 vobis,
1087 5579 1187 5623 eorum
1199 5563 1248 5636 qui
1265 5568 1315 5620 aut
1329 5511 1471 5624 vidsqinnt
1483 5571 1611 5624 vestrum
1628 5577 1800 5622 monumen-

97 5631 164 5699 tms,
181 5631 326 5704 Regulus,
343 5633 428 5699 Zeno,
456 5633 574 5704 patriae;
606 5633 742 5702 lacones,
769 5640 798 5689 et
824 5635 921 5692 iorseii
979 5649 1050 5704 ium,
1069 5635 1264 5699 sutaudlent.
1281 5637 1469 5706 gratissimus
1494 5655 1588 5696 sermo
1612 5635 1798 5692 conticescet.

97 5699 158 5770 ipse
172 5703 265 5773 Zeno,
281 5704 320 5760 im
344 5704 404 5760 erio
418 5722 425 5772 ;
441 5705 732 5772 amicitias,msretrix
747 5705 836 5764 attica
847 5707 923 5781 ;glo·
978 5713 1032 5776 lta,
1049 5725 1101 5782 pro
1116 5706 1232 5765 mortali
1258 5708 1426 5768 conditione
1447 5711 1522 5782 vita,
1544 5704 1798 5766 immortalitatem

98 5771 146 5830 risa
161 5772 311 5846 humanis,
324 5721 518 5850 {impedentes
532 5783 562 5836 et
574 5777 776 5837 Anaxarchus.
789 5781 827 5838 at
840 5795 921 5853 apro,
977 5781 1050 5841 estis
1065 5779 1228 5841 consecuti.
1246 5800 1257 5830 ι
1274 5779 1344 5836 Har.

106 3127 131 3180 in
145 3128 282 3184 mortario
295 3127 497 3185 contusionem
505 3144 647 3186 mannum
658 3127 823 3186 Anaxarchi
834 3131 924 3185 veluti

109 3215 160 3254 nnn
173 3200 338 3272 presentis,
354 3206 383 3256 et
399 3205 495 3256 tamen
514 3201 650 3271 ,iubentis
664 3207 757 3258 utrem
772 3217 861 3256 suum
876 3218 924 3258 ve-

108 3269 252 3328 hementer
265 3271 359 3340 tundi,
375 3275 518 3344 tanquam
534 3273 598 3346 ipse
621 3289 680 3329 non
703 3277 844 3330 contusus
860 3290 924 3330 ma-

106 3347 188 3412 neret,
204 3361 241 3400 ns
258 3343 327 3416 quis
351 3349 430 3399 esset
453 3347 629 3400 cerneretur.
648 3365 661 3394 a
678 3348 716 3400 De
730 3343 845 3402 Zenone
859 3345 925 3402 Dio·

105 3429 185 3484 genes
199 3415 347 3480 Laertius,
364 3417 409 3471 cni
426 3414 481 3472 hoc
496 3415 637 3472 ascribit:

105 3519 220 3588 'linetae
237 3520 261 3574 ὦ
278 3519 384 3588 Ζήνων,
399 3517 484 3575 καλὸν
500 3516 609 3590 ἤθελες,
626 3515 709 3595 tvtps
721 3519 852 3598 τύραννον

137 3591 250 3663 Κτείνας,
266 3589 378 3648 ἐκλῦσαι
392 3589 557 3655 δουλοσύνας
572 3589 677 3649 Ἐλέαν.

107 3659 174 3716 ’lit'
188 3660 307 3736 ἐδάμης,
325 3660 358 3732 δὴ
374 3665 425 3738 γάρ
441 3681 469 3718 σε
484 3659 575 3718 tader
593 3662 607 3718 ὀ
621 3661 751 3738 τύραννος
767 3662 792 3719 tr
809 3661 891 3740 ὅλμῳ
938 3664 960 3733 C

137 3734 216 3808 little,
230 3734 258 3790 τί
273 3738 355 3790 τοῦτο
371 3733 443 3806 λέγω
456 3753 463 3804 ;
478 3739 558 3808 σῶμα
571 3736 633 3811 γὰρ,
650 3735 715 3809 οὐχὶ
732 3733 761 3790 dt
775 3755 814 3792 ei.

1741 3633 1804 3691 ins·
