4134 6184
151 315 230 376 tais
803 319 921 384 LIBER
942 321 993 383 itti
1014 322 1228 386 uuauioriu.

152 473 1859 510 Q

113 559 117 564 ⁵
243 663 337 868 ο.
404 667 1776 840 §murmurmurmur

836 955 1175 1092 OPERUM

480 1163 680 1282 mulis
707 1194 943 1284 ruinius
972 1195 1159 1287 saurus
1189 1197 1524 1288 Posnnurou

621 1545 860 1650 tinnit
910 1546 1387 1652 boemanni

409 1743 514 1804 ANTE
546 1744 782 1810 suscepisti
813 1746 864 1808 ΑΒ
897 1748 1081 1811 AUCTORE
1114 1747 1409 1813 MONTleSMUM
1441 1748 1594 1810 sortiunt

560 2071 798 2201 stituit
844 2075 948 2203 bu
996 2071 1438 2208 oittTiottti.

752 2486 1183 2580 PROLEGOMENA
1202 2480 1252 2574 (¹).

181 2693 324 2750 Plurimos
352 2691 520 2750 Tertulliani
545 2690 634 2749 aditos
662 2687 761 2762 libros,
789 2707 893 2763 paucos
930 2709 995 2752 raro
1037 2693 1246 2765 manuscriptos
1280 2695 1310 2751 in
1343 2693 1521 2752 bibliothecis
1552 2707 1747 2751 numeramus.
1774 2692 1849 2748 ilinc

146 2783 254 2839 lactum
283 2789 312 2839 ut
341 2797 378 2838 ne
405 2780 499 2837 adbuc
526 2780 641 2851 quidem
660 2780 874 2837 accuratissima
903 2781 977 2854 typis
1000 2783 1141 2853 descripta
1164 2782 1242 2840 illius
1269 2799 1353 2855 opera
1384 2784 1707 2853 babeamuatuuaerlam
1738 2779 1849 2848 mutila,

146 2872 288 2944 leuisque
312 2870 477 2928 uulneribus
505 2869 651 2926 horrentia
672 2869 702 2926 in
734 2868 881 2942 publicum
910 2870 1075 2942 prodierunt
1101 2889 1107 2928 :
1138 2871 1279 2930 nonnulla
1311 2874 1396 2930 eiiam
1423 2875 1622 2930 desiderantur
1650 2887 1713 2943 quaa
1741 2887 1758 2926 a
1782 2871 1850 2929 Tor·

147 2959 267 3018 tulliano
310 2958 438 3030 evulgata
466 2957 582 3029 seimus,
611 2965 639 3013 at
667 2955 751 3014 uobis
778 2955 813 3014 ab
838 2958 975 3016 edacitate
1013 2965 1173 3032 temporum
1208 2962 1327 3018 omnino
1366 2971 1461 3033 erepta
1493 2977 1573 3032 seque
1605 2958 1793 3030 suspicamur,
1827 2965 1855 3014 ei

147 3049 287 3107 dolemus.
305 3047 471 3106 Melioribus
498 3045 563 3104 latls
584 3046 729 3118 bucusque
756 3046 868 3118 gavisus
896 3063 954 3105 non
982 3056 1024 3104 est
1051 3047 1125 3106 liber
1150 3049 1183 3106 de
1213 3049 1351 3121 Oratione,
1368 3067 1453 3123 quem
1482 3051 1591 3121 primus
1612 3050 1740 3106 omnium
1769 3045 1848 3102 Pari-

147 3138 198 3196 siis
227 3154 243 3194 e
270 3137 462 3195 uetustissimo
490 3137 588 3194 codice
614 3135 754 3208 evulgavit
780 3139 907 3194 ioannes
936 3138 1078 3210 Gagnsius
1107 3138 1274 3198 Pariaiensis
1302 3139 1449 3210 theologus
1476 3155 1553 3197 anno
1580 3139 1685 3196 Christi
1715 3135 1794 3204 i5t5,
1824 3143 1854 3191 at

146 3226 268 3284 minime
295 3227 448 3299 integrum,
462 3231 491 3282 at
518 3223 622 3281 illustri
650 3225 785 3282 coronide
810 3225 986 3282 destitutum.
1002 3227 1099 3299 Neque
1125 3228 1192 3285 buio
1219 3229 1337 3286 odilloni
1363 3228 1479 3300 reliquae
1507 3228 1666 3286 subsecutae
1695 3242 1779 3298 opem
1809 3233 1853 3280 tu·

145 3316 206 3374 lere
231 3331 289 3389 prae
317 3315 448 3374 codicum
479 3314 586 3386 inopie.
604 3315 685 3372 Unus
709 3321 819 3370 tantum
849 3314 988 3386 lligsltius
1017 3325 1158 3374 volusium
1182 3318 1310 3376 codicem
1336 3318 1468 3376 mutilum
1497 3333 1558 3374 esse
1586 3316 1691 3374 librum
1719 3313 1854 3372 animad-

146 3406 238 3471 verrit,
256 3411 283 3461 at
310 3402 416 3475 aliquot
443 3404 579 3459 duntaxat
608 3402 692 3459 lineis
717 3402 748 3458 ln
775 3402 853 3460 calca
883 3403 998 3474 additis,
1014 3406 1191 3462 medicinam
1217 3407 1282 3464 aliis
1298 3408 1505 3478 propinandam
1520 3405 1645 3477 reliquit.
1661 3405 1732 3460 Cum
1758 3404 1855 3473 itaque

146 3510 200 3566 ego
227 3493 379 3551 inciderim
404 3493 436 3548 in
464 3492 565 3550 mii
595 3485 739 3548 uetustum
767 3491 962 3550 Ambrosianus
990 3493 1171 3553 biblioibeoae
1200 3496 1337 3566 codicem,
1354 3496 1402 3552 ubi
1431 3496 1597 3567 legebantur
1626 3510 1688 3566 oure
1713 3494 1742 3548 in
1771 3499 1853 3548 cate-

148 3583 187 3640 ris
214 3583 328 3653 desunt,
356 3581 495 3640 contiuuo
523 3581 671 3637 anecdotis
700 3580 772 3638 meis
799 3581 895 3638 addidi
921 3583 1010 3639 ueluti
1039 3599 1167 3657 gemmas
1195 3583 1338 3642 litterariae
1366 3585 1529 3656 reipublicae
1557 3585 1587 3641 in
1621 3583 1721 3654 primis
1747 3588 1853 3652 gratas.

148 3674 341 3744 Quaecumque
369 3671 447 3727 enirn
475 3668 842 3736 eTertnlliauo,umninm
870 3678 947 3729 carte
974 3672 1018 3728 sui
1052 3673 1186 3744 temporis
1214 3675 1417 3741 eruditissimo,
1446 3675 1550 3731 litteris
1577 3674 1746 3742 consignata
1775 3685 1853 3737 suni,

147 3777 237 3834 esque
261 3759 431 3834 presertim,
458 3774 520 3830 qnae
551 3758 581 3814 in
607 3757 707 3815 castris
747 3759 952 3816 catholicorum
983 3761 1106 3832 scripsit,
1132 3764 1233 3834 quanti
1261 3763 1318 3821 sint
1346 3764 1422 3835 apud
1456 3778 1556 3820 omnes
1584 3762 1784 3819 ecclesiastica
1814 3758 1855 3814 rei

147 3853 284 3921 cultores,
306 3848 349 3907 rel
386 3848 456 3920 ipsis
484 3845 634 3918 tyronibus
661 3853 746 3919 patet.
779 3846 986 3906 Ambrosianus
1013 3856 1107 3906 autem
1136 3851 1225 3908 codex
1254 3868 1312 3909 non
1339 3851 1375 3908 ab
1404 3853 1540 3909 cretionis
1563 3851 1718 3908 [lominica
1742 3847 1854 3918 exposi-

146 3941 235 4009 tione,
262 3945 292 3995 ut
319 3937 349 3996 in
378 3937 462 3994 editis
505 3933 652 4004 babemus,
682 3935 731 3992 sed
772 3934 807 3992 ab
850 3935 899 4010 ils,
927 3952 988 4008 ques
1032 3937 1194 4009 hujusmodi
1236 3939 1442 4011 expositionem
1482 3924 1703 4010 subsequuntur,
1730 3951 1853 4009 opuscu-

145 4031 208 4086 lum
236 4025 434 4086 exordiebatur
460 4040 526 4082 cum
554 4023 643 4081 hocce
672 4023 755 4080 titulo
772 4039 778 4078 :
795 4025 896 4096 Incipit
925 4025 1091 4082 Tertulliani
1117 4026 1291 4084 diuersurum
1317 4044 1411 4085 rerum
1446 4029 1677 4085 uenenariorum.
1704 4026 1779 4082 Tum
1806 4040 1853 4080 ca-

144 4125 199 4192 put
227 4117 361 4189 primum,
390 4115 473 4186 cnjus
499 4113 613 4170 initium
645 4120 689 4169 est
709 4127 717 4168 :
738 4112 919 4186 Compendiis
946 4115 1129 4186 poucubrrrm
1154 4116 1311 4187 uerborum,
1337 4126 1404 4188 cic,
1434 4119 1474 4175 ita
1498 4116 1731 4188 praenotabatur:
1749 4115 1854 4170 Artoce-

144 4206 303 4281 pbatoeosr's.
335 4207 415 4262 Posse
440 4219 491 4261 uos
524 4201 740 4274 superadjicere,
771 4201 869 4259 titulus
905 4210 965 4261 erat
1002 4208 1146 4277 sequentis
1172 4205 1283 4276 capitis.
1313 4206 1430 4278 lialiqua
1458 4207 1542 4264 eiiam
1572 4205 1664 4277 capita
1692 4218 1757 4260 suos
1787 4201 1852 4258 titu·

144 4297 190 4354 los
214 4294 410 4370 praelerabsnt,
426 4309 497 4366 quoa
526 4293 625 4350 itidem
653 4293 684 4350 in
714 4292 767 4350 luae
794 4299 892 4352 nostra
919 4293 1044 4352 editione
1072 4295 1237 4353 retinendos
1264 4297 1439 4355 censuimus.
1470 4297 1551 4366 Quod
1575 4301 1702 4368 superest
1730 4307 1853 4364 opuscu-

144 4386 208 4444 lum
247 4385 324 4443 istnd
356 4383 527 4456 quibusdam
567 4396 704 4440 exornare
740 4395 775 4440 so
801 4381 944 4441 illustrare
971 4383 1202 4442 adnotationidus
1227 4384 1343 4458 placuit,
1374 4401 1410 4443 ne
1438 4387 1512 4457 quod
1540 4382 1658 4456 reliquis
1686 4379 1853 4439 Tertulliani

143 4475 228 4532 libris
268 4471 452 4531 eruditissimi
495 4471 547 4529 riri
588 4470 752 4543 prestituto,
783 4470 850 4529 lunio
883 4471 966 4540 desit,
992 4479 1019 4529 et
1044 4488 1082 4530 ne
1105 4473 1235 4532 tenebras
1263 4481 1290 4531 et
1321 4475 1444 4532 terreum
1476 4488 1664 4546 asperumque
1704 4468 1853 4540 scriptoris

146 4565 234 4638 bnjns
261 4563 368 4638 stylum
396 4559 543 4619 delicatuli
571 4561 687 4632 qnidam
714 4563 876 4633 causantes,
892 4560 928 4618 ab
956 4561 1019 4634 ejus
1043 4561 1166 4621 lectione
1194 4570 1366 4622 avertantur.
1384 4563 1501 4623 Nullum
1516 4561 1852 4635 deniqueinicrreteres

143 4653 322 4712 Christianos
349 4655 495 4711 auctorem
523 4649 668 4716 ostendas,
690 4649 737 4707 oui
765 4649 934 4708 eruditionis
962 4657 989 4709 et
1017 4652 1193 4710 scholiorum
1233 4653 1344 4712 lumina
1371 4653 1462 4726 nugis
1488 4652 1666 4710 admonenda
1692 4649 1850 4718 rideantur,

142 4759 233 4816 qnam
259 4741 444 4812 Tertulliano,
460 4755 544 4814 aquo
567 4737 724 4798 obscuritas
751 4738 783 4796 in
811 4739 932 4799 dicendo
959 4742 1056 4800 nescio
1085 4749 1181 4801 uirum
1199 4743 1298 4800 evitari
1326 4742 1385 4800 nllo
1412 4749 1493 4816 pacto
1518 4748 1612 4816 posset
1640 4756 1677 4799 an
1696 4739 1727 4798 in
1741 4737 1852 4796 deliciis

143 4832 310 4891 baberetur.

180 4923 248 4990 Qua
263 4921 376 4994 quidem
391 4919 565 4978 omniacum
582 4917 763 4992 digessissem
778 4934 829 4990 pro
849 4919 956 4977 rirlbna
970 4919 1052 4990 nnsis,
1068 4919 1155 4979 sublit
1178 4936 1238 4978 non
1266 4921 1409 4996 ingratum
1436 4922 1554 4981 eruditis
1572 4921 1710 4988 sutorum,
1727 4920 1751 4976 sl
1775 4915 1852 4976 notis

140 5012 216 5068 mals
243 5011 308 5066 illas
337 5025 448 5082 quoque
476 5008 658 5081 subjicerem,
674 5024 746 5081 quas
773 5008 865 5066 (luido
893 5009 1061 5068 Pancirolua
1085 5010 1309 5083 iurisconsultus
1338 5011 1475 5086 regiensis
1502 5011 1534 5069 in
1562 5012 1694 5070 eumdem
1723 5009 1757 5066 dc
1780 5005 1849 5064 Ora-

140 5101 222 5156 tione
250 5098 357 5156 librum
385 5099 602 5170 conscripserat.
620 5098 716 5170 quue
743 5096 878 5156 libentius
906 5098 1060 5157 consilium
1086 5115 1182 5158 meum
1209 5100 1359 5172 probatum
1388 5101 1597 5175 iri-sperabam
1620 5100 1694 5174 quod
1719 5096 1848 5155 animad-

138 5194 282 5246 verterem
309 5187 447 5259 potlorem
475 5186 630 5246 clarissimi
656 5186 708 5244 rirl
737 5201 834 5245 curam
861 5187 893 5244 in
917 5186 1046 5246 obscuris
1067 5187 1237 5246 Tertulliani
1265 5189 1398 5248 sensibus
1425 5191 1600 5263 exponendis
1624 5188 1757 5261 positam,
1782 5200 1849 5242 cum

138 5283 243 5336 contra
270 5293 323 5350 ego
352 5278 502 5335 historicas
529 5277 624 5349 pntlns
647 5292 681 5335 au
709 5278 834 5336 eruditas
853 5276 945 5336 libelli
973 5279 1058 5352 buius
1073 5279 1208 5352 reliquias
1223 5279 1295 5339 mibi
1308 5279 1493 5354 illustrandas
1506 5281 1727 5354 proposuissem.
1744 5273 1849 5332 nolon·

139 5367 321 5424 domantem
338 5373 390 5437 ast,
403 5367 550 5424 neminem
572 5365 667 5424 adhue
693 5365 725 5426 in
752 5367 835 5425 ltalia
858 5367 954 5438 lubae,
970 5367 1018 5440 qui
1044 5367 1079 5424 ad
1108 5376 1213 5427 nostra
1235 5368 1329 5440 gentis
1355 5370 1475 5444 gloriam
1502 5377 1619 5430 saierus
1645 5362 1789 5426 Panciroli
1816 5361 1848 5418 in

179 5599 200 5664 (t
226 5599 265 5652 Es
278 5601 351 5652 tonan
371 5593 450 5649 tertio
472 5592 635 5646 Anamotor.
658 5603 719 5661 qnia
744 5591 845 5649 Ludos.
859 5592 959 5648 Anien.
979 5593 1142 5650 linntnrius
1165 5610 1199 5652 ss
1220 5598 1404 5654 umbrosiane
1425 5595 1593 5650 bibliotheca
1616 5591 1753 5646 codicibus
1776 5591 1849 5645 eruti

143 5675 180 5716 ss
243 5657 462 5730 diqusi’ntsrib
476 5669 542 5712 ann.
555 5655 624 5709 iili.
