4046 6172
205 316 262 380 eii
467 319 733 386 marciniani
756 289 1648 406 oiueuuriusi.-sueius1,ieoioeuriui.
1832 350 1883 412 eie
1998 323 1999 418 i

203 444 279 502 mori
293 445 349 520 (90)
366 449 438 505 cetae
455 464 572 523 quoque
587 449 684 522 major
697 449 943 523 optaveritlioliie
954 469 1034 523 vcro,
1048 464 1073 530 Α
1090 455 1130 511 tio
1146 461 1191 512 est
1217 457 1369 528 prohibere
1399 461 1499 530 nasci;
1517 479 1569 520 nec
1595 465 1680 522 reteri
1706 475 1800 527 natum
1825 476 1886 546 quis
1998 455 1999 522 t

202 534 360 593 homicidio
376 537 468 594 semel
484 538 641 596 interdicto
656 540 724 613 (91),
740 541 830 598 etiam
857 547 1032 615 conceptum
1088 543 1192 616 eripiet
1208 544 1286 602 82⁰
1310 547 1451 619 enimam,
1478 567 1516 608 an
1544 559 1708 612 nascentem
1735 557 1885 620 disturbet:

202 627 286 682 utero
300 625 368 699 (92),
386 625 457 683 dum
473 625 570 684 adhuc
585 628 707 701 sanguis
733 629 764 686 in
789 629 940 688 hominem
958 629 1032 688 dali—
1087 631 1175 690 homo
1201 640 1256 704 est,
1272 639 1302 692 et
1323 637 1372 708 qni
1389 643 1434 695 eet
1462 638 1579 698 iuturus
1592 641 1669 714 (94);
1692 645 1773 702 atium
1790 647 1888 707 tructus

201 712 290 772 betur
303 714 371 788 (93),
386 715 545 774 dissolvere
558 734 616 774 uon
631 716 710 775 licet.
732 717 889 776 Homicidii
905 719 1029 777 lestine-
1087 721 1183 780 omnis
1196 723 1258 795 jani
1275 723 1304 779 iii
1326 726 1438 784 semine
1465 732 1511 785 eet
1534 729 1602 802 (95),
1629 732 1666 788 lle
1690 733 1832 807 sanguinis
1845 753 1889 810 pa·
1998 721 1999 768 ἶ

927 821 1191 885 Commentarius.

205 911 357 968 crudelius
371 917 489 979 necent,
504 927 595 985 quam
611 913 637 970 si
652 917 914 989 strangulassente
934 917 1036 988 ltaque
1090 940 1105 970 ιι
1122 919 1192 984 Quis
1201 920 1363 980 abortionis
1374 925 1607 982 nutamatorium
1617 925 1753 998 poculum
1767 930 1893 1000 dent,ctsi
1998 871 1999 950 Ξ

209 984 316 1040 merito
332 983 368 1039 dc
382 984 522 1054 Saturno,
539 985 590 1041 lih.
607 1002 638 1055 ii,
655 988 690 1044 ad
704 988 765 1044 Nat.
782 1005 845 1061 cap.
871 989 904 1044 12
921 1031 928 1044 .
945 1011 959 1039 ιι
977 989 1034 1045 lte·
1090 990 1156 1047 dolo
1173 1009 1230 1048 non
1247 993 1364 1063 leniant,
1381 999 1478 1052 temon
1516 997 1565 1054 uia
1577 997 1647 1054 meli
1662 1000 1782 1073 exempli
1796 1013 1893 1070 ieeeet,

209 1071 269 1128 que
283 1054 361 1112 tilloe
375 1054 452 1112 virili
467 1071 536 1114 sexu
553 1059 711 1116 devorabat
726 1074 733 1114 :
750 1061 854 1116 melius
868 1061 1035 1134 ipse,qunm
1089 1062 1263 1120 humiliores
1281 1065 1311 1120 in
1328 1067 1490 1139 metellum,
1528 1071 1687 1127 oneetioree
1713 1074 1742 1127 in
1766 1072 1893 1147 ineulam,
1998 1095 1999 1118 2

204 1125 279 1200 lupi,
294 1127 321 1183 ei
337 1133 503 1212 exponeret.
521 1147 535 1179 u
550 1129 658 1187 Netntu
674 1147 741 1187 vero
756 1132 879 1204 dignum
897 1133 1033 1204 estquod
1090 1135 1201 1192 amisse
1216 1137 1360 1193 honorum
1376 1145 1468 1212 parte,
1485 1139 1746 1214 relegantur.0uod
1763 1143 1786 1199 si
1800 1160 1893 1200 acinu-

208 1199 359 1256 ohservevi
372 1217 402 1255 in
418 1199 542 1256 lectione
559 1202 674 1270 isidori,
689 1203 767 1273 apud
783 1219 871 1277 quein
887 1203 947 1260 hac
964 1205 1035 1260 Ter·
1089 1204 1310 1265 lierauthomo
1346 1213 1658 1287 orierit,enmiiioeup
1680 1213 1745 1272 licio
1774 1215 1894 1272 eldciun-
1998 1229 1999 1232 ’

210 1270 355 1328 tullianea
379 1272 580 1354 inveniuntur,
606 1277 657 1330 aed
694 1290 776 1330 inore
807 1293 861 1333 suo
894 1277 1034 1358 auctoris,
1090 1283 1148 1333 tur.
1167 1226 1894 1352 nsimitiafexttoaisuredinigecodexi'utd.

209 1342 288 1400 unde
315 1342 481 1415 proiecerit,
513 1360 633 1400 nomae
664 1346 848 1418 abscondito,
883 1353 912 1403 et
939 1347 1035 1403 verbis
1089 1348 1161 1422 legit
1172 1361 1329 1424 conceptum
1345 1359 1465 1424 atnam,
1482 1363 1621 1429 notatque
1635 1357 1785 1432 Scioppius
1797 1360 1896 1431 exjuie
1998 1371 1999 1374 ’

207 1412 331 1488 paulum
346 1415 480 1471 inversis.
497 1418 525 1470 le
541 1415 640 1489 itaque
654 1417 688 1472 de
699 1419 788 1489 poenie
802 1420 834 1475 ire
848 1419 957 1492 lepidus
971 1434 1035 1475 con·
1090 1420 1212 1494 phrasin
1227 1439 1301 1480 esse.
1319 1425 1388 1480 lliv.

208 1487 324 1542 etiteitie.
340 1486 392 1541 tih.
408 1503 436 1554 v,
454 1501 480 1542 c.
493 1485 550 1568 92;
567 1509 581 1538 ιι
599 1489 628 1543 ln
653 1489 717 1559 ipso
732 1506 850 1573 qnoque
864 1505 970 1564 genere
985 1507 1036 1546 ne·
1126 1493 1183 1566 (93)
1198 1496 1229 1550 ln
1244 1495 1383 1552 homiaem
1398 1495 1544 1555 delibatur.
1566 1498 1743 1555 Deliberatur
1755 1497 1820 1554 Juii.
1832 1497 1898 1554 mele

210 1557 253 1614 cie
269 1558 376 1612 dillert.
390 1558 545 1614 Crudelius
568 1566 612 1614 cst
636 1561 714 1617 enlin
740 1578 770 1617 in
794 1578 871 1634 aque
898 1563 1036 1635 spiritum
1090 1563 1428 1624 alieeditioneenielius
1443 1569 1592 1626 delibatur.
1608 1571 1731 1626 delitare·
1757 1571 1786 1626 iii
1813 1569 1897 1624 homi·
1998 1599 1999 1608 ι

208 1628 359 1702 torquenti
375 1628 683 1713 exstingui:ignihue
698 1633 755 1703 uri,
780 1633 887 1704 frigore
910 1641 938 1690 ct
959 1632 1036 1689 lame
1091 1653 1158 1692 nem
1190 1637 1301 1696 dicitur
1331 1641 1464 1712 sanguis,
1494 1642 1565 1697 duiii
1601 1658 1637 1699 cx
1672 1640 1899 1714 prestantissimo
1998 1677 1999 1690 ι

208 1699 317 1770 necari,
330 1701 454 1757 canibus
469 1705 497 1757 et
513 1701 617 1759 hestiis
636 1703 751 1777 exponi.
770 1705 842 1762 Nam
859 1705 934 1763 terro
950 1705 1035 1774 mori,
1090 1706 1220 1766 hominis
1234 1727 1323 1768 cucco
1338 1713 1458 1786 cmhryo
1474 1714 1613 1770 nutritur.
1631 1713 1791 1785 Lueretius,

210 1776 280 1828 atas
317 1787 412 1845 noque
429 1773 525 1844 major
539 1773 656 1846 opterit.
672 1795 688 1829 u
717 1776 865 1848 redditque
893 1776 1034 1832 aliunde:
1214 1816 1219 1828 .
1266 1816 1271 1828 .

209 1865 224 1896 α
239 1789 313 1901 6183
417 1845 422 1856 .
1050 1803 1075 1869 Β
1150 1814 1288 1868 Floriferie

208 1921 303 1974 morto
316 1915 406 1973 uitam
420 1916 505 1972 linire
519 1920 608 1974 novit.
626 1940 641 1969 a
656 1919 783 1991 pertinet
804 1920 862 1978 huo
888 1923 1037 1992 lregmen-
1092 1924 1201 1992 Estque
1215 1921 1245 1978 id
1260 1921 1357 1994 ipsum
1373 1925 1451 1995 quod
1466 1924 1599 1990 Johue,o.
1614 1941 1643 1998 x,
1659 1925 1771 1992 rerald
1785 1941 1792 1980 ε
1808 1945 1822 1974 ιι
1832 1921 1900 1978 Νοι·
1998 1917 1999 1972 3

208 1993 274 2043 tum
295 1986 369 2044 illud
398 1986 531 2044 Sallustii
560 2006 594 2046 ex
618 1991 670 2047 lib.
690 1992 823 2050 illatore«
847 1991 899 2048 Sin
926 1994 969 2048 vis
989 1993 1037 2049 oh·
1093 2009 1129 2048 ne
1144 1993 1221 2048 sicut
1234 1993 1278 2050 lac
1294 1995 1423 2052 mulsisti
1438 2013 1494 2062 ine,
1511 2001 1540 2051 et
1553 1998 1765 2052 eiuuteaeeum
1786 2010 1901 2052 mecca·
1998 2001 1999 2062 ζ

211 2059 504 2132 sistet,lerroquem
528 2059 604 2118 lame
631 2063 746 2136 aquine
775 2063 918 2135 perituro,
947 2080 1036 2136 quem
1092 2062 1454 2135 galaatitstheudorei„
1468 2085 1496 2139 p.
1510 2067 1556 2136 78,
1574 2085 1632 2194 pao
1648 2067 1810 2125 alluditrea
1823 2065 1903 2122 David
1998 2083 1999 2140 3

211 2130 368 2204 Pompeius
382 2130 490 2187 ibidem
507 2139 632 2190 mortem
647 2134 880 2193 vocatomniuni
904 2135 1038 2192 miserri-
1093 2138 1141 2192 Pe.
1155 2152 1269 2206 cxxxix,
1286 2137 1342 2206 t5;
1361 2160 1375 2190 ιι
1390 2137 1491 2197 Nonne
1504 2156 1574 2196 occu
1590 2146 1686 2198 tatum
1711 2144 1902 2196 estoauieuin
1998 2195 1999 2202 ,

213 2217 303 2259 mom.
321 2223 336 2252 u
351 2201 403 2260 lib.
419 2219 462 2258 ιιι.
479 2203 552 2259 lliv.
1092 2204 1122 2262 iii
1139 2207 1249 2277 abdito,
1267 2213 1295 2265 et
1309 2210 1467 2267 artificiose
1482 2212 1637 2284 acupictus
1648 2227 1714 2268 eum
1730 2211 1760 2266 in
1775 2209 1839 2264 imis
1850 2225 1904 2281 per·

246 2273 304 2346 (99)
318 2275 406 2330 Ferro
420 2275 495 2330 enim
509 2276 589 2332 mori.
601 2275 683 2334 Unde
697 2277 792 2334 AEnee
806 2275 859 2334 illa
873 2277 1038 2351 indignatio
1093 2278 1174 2335 tibus
1189 2281 1325 2337 terreat»
1342 2282 1487 2356 Rigaltins
1512 2289 1610 2340 tamen
1640 2299 1674 2339 ex
1704 2299 1759 2338 ms.
1787 2281 1905 2337 Pnteeno
1998 2343 1999 2352 χ

212 2345 290 2417 apud
306 2344 462 2418 Virgilium
477 2345 529 2404 lib.
547 2363 568 2416 ι,
584 2347 660 2407 139;
1093 2351 1377 2423 ediditdetteercim
1416 2355 1471 2412 uod
1486 2360 1515 2410 et
1528 2371 1581 2428 ego
1596 2355 1654 2411 leci
1672 2371 1707 2410 ex
1723 2355 1752 2410 t.
1768 2357 1798 2408 B.
1814 2358 1841 2408 et
1854 2367 1904 2407 non
1998 2353 1999 2424 (

448 2452 604 2504 omum
620 2453 765 2505 mmmm
779 2455 869 2518 geum
926 2441 929 2446 ·
1093 2421 1390 2508 est-improbandum.
1419 2442 1508 2508 ¹iucem
1526 2426 1604 2484 haud
1621 2443 1742 2500 paream
1765 2421 1908 2497 accipiter

272 2511 383 2578 Tydide,
398 2527 477 2564 mene
492 2513 590 2566 llliacie
606 2518 766 2568 occumbere
781 2518 883 2580 campie
1093 2498 1247 2552 ¹¹⁰t¹⁵⁸¹ffl⁰
1263 2499 1381 2554 ⁸⁰⁸⁰¹¹¹¹
1396 2497 1521 2554 d¹⁵t¹⁰h⁰
1536 2515 1547 2556 ·'

316 1843 362 1901 ius
377 1859 455 1901 enim
469 1845 532 1900 sine
542 1845 668 1919 graviori
681 1847 813 1904 cruciatu
826 1849 1036 1921 compendiose
1303 1821 1332 1869 ⁰²
1346 1831 1411 1882 Ψ·
1426 1818 1454 1868 ¹⁸
1469 1818 1581 1870 'dmm'
1595 1819 1686 1871 ⁰⁰¹⁰&
1700 1818 1791 1870 ΗΜ·

273 2577 331 2627 Νοιι
340 2577 466 2640 potuisset
475 2580 575 2642 tueque
584 2579 778 2630 enimemhenc
786 2577 923 2630 effundere
934 2577 1037 2629 dextre!

143 2731 148 2742 ,
211 2673 337 2730 Mortem
351 2672 428 2730 hanc
443 2672 518 2730 terro
541 2675 701 2747 inventam,
722 2681 885 2734 Romanam
908 2675 1037 2750 appelle·

1155 2595 1224 2647 Dum
1238 2595 1343 2647 duhitet
1356 2598 1455 2649 Natura
1469 2611 1570 2649 marein
1583 2596 1719 2648 laceratae
1734 2593 1855 2660 puellam,

1186 2658 1280 2709 Factus
1292 2673 1359 2718 ae,c
1376 2661 1493 2725 pulcher,
1510 2673 1580 2722 pena
1595 2660 1694 2724 puelle,
1710 2672 1786 2723 puer.

211 2749 284 2812 tem,
298 2744 383 2816 quasi
400 2746 504 2802 tortam
518 2749 547 2802 at
568 2747 694 2810 uirilem.
723 2749 827 2822 collige
843 2763 876 2805 ex
905 2747 1039 2804 versibus
1092 2745 1146 2800 Sed
1166 2747 1299 2804 omnium
1319 2748 1414 2805 instar
1440 2747 1681 2822 elegantissimae
1704 2747 1755 2802 ille
1777 2739 1908 2800 Varronis
1998 2723 1999 2782 Ῑ

213 2817 281 2874 istis
296 2817 449 2883 Martialis,
466 2816 517 2874 lih.
534 2835 553 2885 i,
568 2820 614 2887 79,
630 2820 667 2876 de
687 2821 776 2891 Ferte,
804 2821 855 2891 qui
886 2819 1039 2877 laborabat
1092 2815 1176 2873 locus
1191 2819 1230 2876 eit
1243 2821 1279 2876 de
1294 2819 1406 2893 origine
1421 2821 1550 2876 humane
1565 2821 1642 2892 apud
1661 2818 1863 2877 Censorinum.
1882 2812 1911 2867 de

216 2887 344 2944 leucium
361 2890 473 2945 morbo.
489 2889 559 2946 Har.

1093 2887 1143 2944 llic
1157 2889 1263 2960 Notati,
1279 2907 1342 2963 cap.
1370 2893 1398 2959 9,
1416 2909 1450 2948 ex
1475 2895 1621 2948 sententie
1645 2892 1826 2963 Pythagorae.
1852 2887 1913 2951 99ω
1998 2943 1999 2958 ,

249 2959 307 3088 (91)
320 2958 410 3046 Serrei
424 2961 579 3044 interdicto.
595 2962 721 3032 Elcgtna
741 2962 830 3034 hujus
845 2961 923 3019 vocis
953 2977 1040 3029 usus,
1094 2960 1214 3031 quidem
1232 2963 1407 3035 fragmenta,
1423 2965 1578 3048 reconditae
1607 2961 1796 3046 antiquitatis
1824 2955 1914 3031 plena,

215 3046 246 3086 se
282 3046 340 3087 uon
355 3035 397 3088 ita
410 3048 521 3105 passim
537 3037 634 3100 notus,
651 3035 744 3090 multa
760 3034 822 3090 loen
848 3034 925 3106 apud
945 3035 1039 3091 honoe
1095 3034 1252 3090 emendate
1267 3039 1411 3108 auctaque
1425 3042 1455 3091 et
1470 3041 1549 3092 notis
1561 3035 1722 3103 illustrata,
1738 3033 1914 3104 adjectoom·

216 3103 695 3175 unctorescorrupit,itahicante
709 3105 1040 3177 metioiermsaeemper
1098 3103 1915 3184 niumverborumvocabulario,adeditionemhebenus
1998 3119 1999 3128 ι

215 3171 387 3246 legebatur3
403 3178 432 3230 et
453 3178 530 3246 apud
548 3177 711 3233 lucretium
738 3179 767 3232 in
791 3180 877 3234 simut
901 3177 1045 3249 hodieque
1060 3173 1082 3242 ί)
1102 3182 1213 3247 parata.
1228 3179 1283 3233 Sed
1299 3178 1363 3251 ipae
1378 3183 1468 3235 Vari-o
1485 3197 1492 3246 ;
1510 3201 1524 3230 ιι
1546 3180 1704 3246 Numeros,
1734 3176 1788 3260 qui
1810 3191 1839 3230 in
1851 3185 1916 3227 uno·
1998 3221 1999 3224 ,

217 3251 263 3302 net
281 3250 440 3316 mutatum,
458 3248 534 3319 apud
550 3264 638 3320 quem
654 3265 670 3304 a
686 3251 758 3305 hanc
773 3249 875 3305 multis
890 3247 975 3304 illum
990 3248 1045 3304 eli-

218 3315 339 3387 quando
355 3319 482 3386 mendis,
499 3335 564 3392 quae
583 3319 679 3376 adhuc
705 3320 846 3391 resident,
871 3317 1048 3376 vindicaturi

217 3403 343 3516 ppainse.
364 3387 518 3448 Nossiania
545 3389 683 3448 Biblioth.
710 3392 782 3465 hug.
812 3396 846 3448 le.
876 3391 1048 3466 reponimus

457 3532 608 3583 Admietnm
617 3533 746 3598 quoniam
761 3533 842 3585 semel
857 3537 898 3584 eet
910 3533 940 3584 in
954 3533 1048 3596 rehue;

216 3620 248 3673 et
261 3633 315 3702 ego
330 3623 400 3676 ente
413 3619 475 3689 iam
491 3619 533 3703 ite
547 3635 742 3690 correxeram,
758 3621 906 3679 adductus
921 3621 984 3680 loco
997 3627 1050 3678 Ln-

218 3705 284 3747 cani
299 3707 362 3762 viii,
377 3691 442 3758 707,
458 3691 508 3746 nbi
523 3690 559 3747 de
570 3693 720 3766 Pompeio.

611 3788 696 3841 Simul
711 3791 817 3855 impulit
831 3789 906 3842 illum

282 3849 367 3901 illlata
391 3849 506 3901 Fortuna
519 3864 612 3912 menn,
627 3853 748 3917 pulsatur
761 3854 859 3916 arenis,

284 3912 334 3962 Cei·
353 3913 406 3963 itur
419 3915 447 3964 in
463 3914 590 3978 scopulie,
604 3916 701 3967 hausto
713 3930 762 3982 per
774 3917 887 3967 vulnere
899 3915 982 3968 lluetu

283 3975 321 4025 Lu
342 3974 441 4027 ibrlum
456 3976 552 4041 pelagi.

220 4070 328 4128 Noster
342 4071 472 4144 denique
487 4089 591 4130 rursus
614 4089 642 4131 c.
666 4076 700 4130 10
716 4092 723 4132 :
741 4095 754 4129 ι
770 4075 914 4149 Sequetur
941 4079 974 4133 ut
1001 4091 1049 4132 ee·

220 4144 289 4199 dem
303 4143 415 4201 ratione
431 4161 484 4218 pro
500 4143 565 4200 aliis
581 4162 640 4201 non
655 4147 866 4216 sacrificemus,
896 4146 966 4274 ipiie
995 4161 1049 4204 nec

220 4229 273 4343 ppo
309 4216 531 4289 nobismetipsi.
565 4217 658 4275 semel
680 4218 751 4276 dene
782 4236 840 4275 uon
876 4219 1007 4276 eoendo.
1033 4239 1048 4270 a

248 4301 296 4342 iv.

257 4355 313 4432 (92)
329 4356 490 4431 conceptum
503 4359 591 4416 utero.
621 4363 747 4432 Accepta
762 4359 910 4433 potatione
920 4360 956 4417 ed
967 4360 1049 4416 ebor-

1103 3264 1220 3320 quoque
1240 3254 1324 3320 partu
1350 3250 1462 3322 aliquid
1487 3251 1624 3308 adierunt
1647 3246 1831 3331 mutationis,
1856 3243 1918 3298 dum

1104 3323 1156 3374 ant
1169 3336 1269 3376 semen
1285 3322 1315 3377 in
1331 3324 1516 3394 sanguinein,
1532 3327 1584 3379 eut
1613 3321 1739 3395 sanguis
1753 3337 1784 3376 in
1799 3329 1918 3394 caracui,

1104 3395 1155 3447 aut
1169 3407 1236 3448 caro
1251 3393 1279 3448 in
1296 3393 1424 3451 hominis
1441 3394 1458 3448 u
1482 3410 1565 3450 uram
1581 3393 1772 3452 convertitur.
1800 3411 1814 3442 u
1844 3387 1918 3443 [teni-

1103 3478 1162 3534 que
1177 3463 1240 3536 ipse
1255 3481 1359 3520 rursus
1384 3409 1582 3523 Tertifllienue
1598 3464 1648 3521 lib.
1678 3481 1716 3533 iv,
1733 3463 1801 3518 Ado.
1816 3457 1919 3537 lurcio·

1102 3551 1176 3603 aem,
1195 3551 1259 3608 cap.
1280 3537 1311 3592 2t
1333 3537 1414 3594 :Non
1443 3537 1533 3594 decem
1558 3537 1696 3592 mensium
1723 3527 1919 3608 muciotudeti3

1104 3607 1223 3663 heatae.
1241 3609 1284 3664 lta
1298 3613 1327 3664 et
1342 3608 1381 3664 ihi
1396 3609 1475 3665 enim
1491 3607 1626 3666 meliores
1641 3623 1717 3664 mee.
1735 3621 1786 3680 prc
1809 3616 1864 3674 quo
1876 3597 1920 3680 alu

1102 3678 1249 3735 delibutus.
1279 3680 1458 3748 Sensusest,
1487 3682 1559 3737 dum
1587 3678 1734 3736 deliberet
1760 3677 1868 3733 Nature
1894 3683 1919 3722 tt

1104 3755 1196 3814 utero,
1221 3749 1327 3807 velitne
1351 3755 1525 3824 conceptum
1548 3767 1649 3807 semen
1675 3749 1922 3814 commixtumque

1103 3822 1132 3877 in
1149 3823 1299 3879 hominem
1315 3823 1451 3893 formare,
1468 3840 1504 3880 aa
1517 3823 1614 3880 cinere
1629 3825 1663 3879 ut
1682 3823 1796 3890 effluet,
1811 3823 1921 3875 nature·

1102 3893 1220 3964 lemque
1236 3895 1609 3966 patiaturehortum.lliv.
1770 3960 1777 3974 ι
1837 3957 1843 3972 .

1138 3965 1184 4034 (et
1211 3967 1294 4025 Homo
1304 3972 1344 4024 eet
1358 3975 1384 4023 et
1397 3969 1447 4040 qui
1455 3977 1496 4024 eet
1509 3968 1630 4040 neturus
1646 3961 1797 4021 Martialis
1825 3957 1875 4016 lih.
1889 3969 1924 4024 ix,

1103 4053 1149 4110 ep.
1182 4047 1218 4093 ἐ

1164 4134 1253 4198 lpsem
1268 4132 1348 4185 crede
1363 4134 1413 4185 tibi
1427 4135 1550 4185 naturam
1566 4133 1655 4184 dicere
1670 4144 1781 4183 verum.

1196 4195 1269 4246 istud
1284 4197 1356 4261 quod
1371 4196 1471 4261 digitis,
1481 4196 1600 4259 Pontice,
1616 4196 1720 4260 perdis,
1735 4195 1819 4244 homo
1833 4190 1880 4240 eet.

1103 4285 1181 4342 Licet
1197 4283 1274 4340 euim
1288 4284 1367 4342 ictis
1391 4289 1493 4358 pertus
1518 4287 1653 4340 nundum
1679 4283 1784 4341 editus
1800 4275 1926 4336 nondum

1102 4356 1190 4413 homo
1206 4356 1329 4425 dicetur,
1344 4363 1421 4413 reete
1435 4361 1535 4412 temen
1550 4355 1668 4424 Paulus,
1695 4354 1712 4428 ξ
1739 4355 1775 4411 lle
1798 4353 1873 4408 etalii
1887 4344 1930 4399 ho·

221 4431 297 4482 tuin.
314 4429 465 4486 iuvenalis
487 4429 549 4486 Set.
565 4447 607 4498 vi,
624 4431 688 4499 eei,
705 4447 793 4504 quein
820 4431 896 4488 uide.
929 4431 1049 4488 Ovidius
1102 4431 1220 4488 micum.
1237 4433 1370 4500 testatur,
1387 4427 1513 4502 «quiin
1529 4432 1684 4498 uteroent,
1709 4424 1836 4500 perinde
1862 4412 1928 4497 ecel

220 4497 300 4555 idem
316 4500 502 4557 abominatur
516 4500 569 4559 lib.
598 4517 629 4570 ιι,
660 4509 727 4570 eta,
752 4508 785 4560 ut
811 4519 897 4559 versu
929 4503 975 4558 29.
1004 4503 1050 4559 Fit
1104 4503 1134 4556 in
1149 4498 1237 4555 rebus
1256 4499 1395 4556 humenis
1409 4499 1674 4568 essetcustndiri.»
1690 4495 1929 4564 Quomodoenim

224 4568 370 4642 itaquein
386 4573 484 4628 torma
508 4571 688 4630 lenocinium
713 4580 742 4632 et
767 4575 872 4632 scortis
893 4579 940 4631 eet
964 4544 1088 4630 lemi-D

224 4641 309 4697 tiere.
325 4641 398 4700 Hinc
413 4643 537 4717 Prosper
551 4646 698 4772 afleitan.
714 4646 748 4702 de
761 4647 854 4702 Pium.
867 4651 894 4703 et
909 4644 1051 4716 Praedict,

227 4710 279 4769 lih.
295 4729 326 4775 ii.
348 4730 413 4787 cap.
440 4716 472 4771 te
498 4732 505 4771 ι
531 4737 545 4766 ιι
594 4721 605 4771 t
629 4717 666 4774 sit
687 4719 751 4788 jam
772 4735 853 4786 uxor,
879 4733 942 4790 quae
963 4716 1052 4790 paulo

227 4787 295 4840 unte
307 4784 401 4845 iuerat
416 4785 564 4853 meretrix,
586 4785 751 4861 habeatque
767 4791 843 4846 tilios
870 4805 935 4863 quie
950 4790 1053 4844 stude·

226 4854 278 4912 bet
292 4855 369 4914 illios
386 4875 444 4914 non
460 4859 577 4916 hahere.
594 4875 647 4915 uec
657 4860 721 4932 jam
737 4835 862 4928 libidini,
889 4860 940 4917 aed
955 4860 1052 4916 eusci·

228 4927 342 4999 piendic
358 4929 465 4986 serviat
481 4929 566 5012 proli,
593 4954 604 4984 ι
624 4932 657 4987 itt
680 4949 746 4989 vero
764 4950 796 4990 :a
823 4931 909 4989 Nulla
934 4931 1051 5001 mulier,

227 5003 261 5081 ut
277 4997 350 5056 hene
364 5003 558 5075 Augustinus,
576 5001 739 5074 potationes
753 5006 797 5090 ed·
815 5005 952 5062 abortum
976 5003 1053 5060 ccci·

226 5073 609 5216 ttttttttttttt
625 5075 1053 5221 ittirttttittttt:

227 5219 393 5289 toeounque
406 5233 508 5291 parere
522 5220 677 5289 potuisset,
698 5226 847 5278 tentorum
877 5219 1053 5275 homicidio·

226 5301 293 5340 rum
322 5293 367 5344 cet
398 5305 457 5346 raa.
490 5311 501 5339 ι
537 5289 589 5344 llet
620 5306 688 5346 vero
721 5297 876 5356 tentorum,
910 5294 963 5357 tot,
991 5293 1053 5345 tam

1127 4571 1189 4627 rius
1203 4587 1220 4625 e
1233 4569 1311 4628 Jtii's
1326 4571 1452 4640 dicetur,
1467 4576 1548 4644 patet
1561 4588 1595 4628 ex
1609 4565 1928 4626 collationeverhoruin

1106 4589 1226 4715 Βιριιιι
1243 4643 1278 4699 ιιι
1297 4643 1334 4699 ιι
1356 4659 1402 4699 ιω
1420 4641 1576 4700 Falcidiam
1592 4641 1656 4715 neg.
1673 4639 1815 4708 auaui
1830 4637 1857 4704 2,
1873 4629 1929 4710 §95

1107 4737 1121 4766 ιι
1139 4719 1170 4770 tn
1188 4713 1314 4770 Falcidia
1330 4660 1450 4789 pascuit.
1476 4719 1509 4770 ut
1523 4713 1637 4769 fructus
1660 4719 1768 4787 postea
1797 4705 1932 4783 percepti,

1107 4785 1157 4858 qui
1174 4787 1279 4843 maturi
1295 4788 1399 4843 mortis
1414 4791 1545 4860 tempore
1559 4785 1688 4851 luerunt,
1699 4791 1831 4866 augeant
1847 4778 1932 4855 here·

1107 4859 1209 4914 ditetis
1223 4859 1446 4915 estimationem
1463 4857 1545 4914 tundi
1560 4857 1749 4928 nominequi
1760 4843 1934 4928 videturillo

1107 4931 1137 4986 in
1154 4939 1286 5002 tempore
1301 4931 1392 4987 luisse
1407 4929 1658 5001 pretiosior.Girca
1673 4933 1811 5010 ventrem
1827 4915 1935 4999 ancille

1108 5000 1189 5057 nulla
1199 5002 1340 5075 temporie
1354 5001 1483 5058 admissa
1494 4999 1641 5058 distinctio
1656 5004 1774 5068 estnec
1790 4992 1935 5074 immerite

1129 5073 1176 5128 uia
1191 5079 1294 5146 partus
1310 5074 1440 5130 nondum
1450 5073 1559 5141 editus,
1573 5071 1662 5129 homo
1674 5087 1733 5128 nou
1749 5072 1832 5150 recte
1848 5064 1935 5146 latest

1108 5089 1256 5202 {popum
1280 5145 1382 5202 Sermo
1404 5147 1449 5200 eet
1472 5145 1508 5202 de
1529 5143 1625 5218 legate
1646 5147 1675 5200 et
1697 5135 1937 5220 hereditatibus.

1106 5217 1193 5273 Pecus
1217 5217 1345 5301 appellat
1368 5215 1493 5273 informe
1521 5215 1594 5271 illud
1625 5215 1762 5272 noudum
1787 5211 1938 5267 hominem

1108 5287 1230 5344 Tertull.
1247 5288 1297 5343 lib.
1313 5287 1473 5354 dedeima,
1494 5303 1559 5360 cap.
1573 5287 1620 5355 25,
1636 5291 1666 5344 et
1693 5283 1875 5342 membrana
1890 5275 1939 5330 in·

226 5354 440 5431 multorum,ut
455 5375 533 5433 sape
550 5359 627 5430 apud
643 5361 781 5418 Nostrum
797 5361 896 5418 etiem.
911 5361 967 5417 ltes
982 5376 1053 5417 eane
1109 5363 1170 5415 tuin
1186 5359 1336 5416 involvens
1351 5357 1460 5431 ἂμνιοι,
1476 5359 1560 5444 quasi
1584 5357 1689 5432 pellem
1714 5351 1832 5439 agnelli
1849 5351 1939 5412 dicas,

227 5429 350 5489 medicis
374 5431 532 5505 prohibita.
554 5431 726 5488 Theodorus
739 5434 905 5491 Priscianus
919 5431 948 5488 in
963 5431 1054 5489 Victo·
1106 5431 1254 5487 veteribus
1269 5433 1437 5504 nuncupate
1453 5431 1518 5488 luit.
1535 5432 1634 5503 ltaque
1645 5444 1699 5486 nec
1714 5417 1940 5512 audienduecpl

228 5500 303 5558 riam
319 5502 393 5560 libro
408 5521 440 5560 ιιι
456 5520 463 5559 :
477 5517 495 5552 u
514 5503 651 5559 thortnm
667 5505 737 5560 dere
752 5504 840 5575 nulli,
862 5520 992 5576 uuquam
1010 5505 1054 5559 lae
1107 5501 1289 5573 Aristotcles,
1312 5503 1362 5574 qui
1384 5502 1503 5558 nimiam
1527 5503 1637 5558 ciuium
1662 5497 1899 5576 multitudinem
1911 5502 1941 5543 ιιι

227 5575 273 5629 eet
289 5592 297 5628 e
314 5581 347 5632 ut
361 5574 439 5632 enim
456 5573 625 5646 llippocatie
640 5579 766 5633 testatur
780 5575 882 5642 cretio,
898 5580 960 5632 tam
987 5574 1054 5631 duri
1108 5590 1167 5629 una
1181 5574 1297 5631 civitate
1319 5574 1521 5644 dissuasurus,
1538 5589 1638 5631 semen
1661 5575 1713 5630 vul
1735 5579 1899 5654 ,corrumpi
1915 5561 1942 5642 βῒ

228 5649 330 5703 rectus
349 5643 530 5704 conscientia
553 5644 736 5702 medicorum
759 5647 900 5704 innocens
923 5646 1053 5703 officinm
1108 5645 1274 5702 abortivum
1289 5646 1542 5717 raddi‚antequam
1557 5645 1646 5702 homo
1661 5647 1760 5717 possit
1774 5647 1938 5697 nominari.

228 5729 288 5771 non
303 5718 390 5776 dehet
404 5714 561 5773 maculare.
578 5737 593 5766 »ι
609 5715 669 5773 Iino
684 5716 749 5792 lege
770 5717 928 5792 prohibita.
945 5717 1054 5776 Paulus
1107 5715 1201 5775 Verhe
1215 5718 1280 5790 ejnr
1295 5721 1366 5776 eunt
1379 5717 1431 5774 lib.
1444 5733 1484 5772 ιιι
1497 5717 1687 5788 Politicorom,
1701 5729 1774 5799 cap:
1798 5711 1845 5768 ld.

228 5783 252 5841 l.
277 5785 309 5843 Si
322 5790 385 5861 quie
411 5787 523 5861 aliquid
549 5787 563 5856 ἓ
592 5787 646 5857 Qut
664 5790 824 5866 coertione,
841 5793 856 5862 ἓ
873 5793 914 5850 lie
938 5790 1052 5863 penu:
1144 5787 1201 5864 (95)
1215 5791 1308 5850 liticen
1326 5791 1435 5862 incolui
1450 5791 1550 5859 omnia
1571 5789 1679 5863 jemin
1700 5797 1814 5845 umine
1839 5785 1891 5840 cet.
1907 5773 1940 5833 D·
