4152 6192
111 370 187 431 llll
628 361 746 426 tinuit
767 361 794 424 ll
814 361 868 422 DE
887 359 1018 424 CULTU
1040 359 1288 423 reuirescet.
1736 366 1815 464 illd

113 499 287 557 deliciorum
311 495 431 568 ineptiis
454 493 615 568 occuparet
637 498 687 551 Hes
710 509 824 568 pompas
850 507 939 566 quam
955 493 983 559 Α
998 492 1099 549 1821
1118 491 1270 566 assignant
1286 498 1406 568 propter
1420 511 1540 568 regnum
1557 495 1606 552 Dal
1623 495 1734 569 (Mettis,
1759 513 1808 554 ιιι

114 590 152 646 de
166 587 299 662 proximo
314 589 418 641 curent
431 583 553 639 luxurias
569 583 719 657 negotium
732 582 941 652 etobstrepant
996 581 1051 651 12),
1067 583 1127 636 tam
1144 581 1247 638 tortam
1264 587 1292 638 et
1306 583 1412 654 utique
1436 583 1612 656 permissam
1637 584 1817 658 voluptatem

113 675 263 752 pudicitie
278 673 448 746 disciplinis
462 672 635 744 dignoscere
650 673 680 727 in
698 669 772 728 taciti
790 675 846 739 est,
863 669 939 741 quod
994 673 1098 742 sponte
1113 675 1254 742 ponentes
1265 671 1411 735 lOuidam
1424 673 1552 746 ¹⁰ipsam
1579 673 1630 729 Dei
1657 679 1820 748 creaturam

113 766 239 839 gretiam
256 763 369 819 decoris
384 760 635 818 cultussocietats
650 759 940 833 prostituantzadeo,
995 757 1053 814 sibi
1076 759 1267 832 interdicunt,
1291 760 1474 818 abstinentes
1498 761 1565 818 vlno
1589 766 1619 819 et
1641 763 1820 820 animalibus

115 855 140 913 si
174 852 282 919 desint,
316 850 431 906 irritam
463 854 493 906 et
524 850 668 922 ingratam
702 848 838 917 reddunt,
863 846 943 902 velut
996 846 1820 922 esculentis¹¹.quorumtructusnullipericuloautsnt-

114 936 663 1010 exarmatsm¹etnaulragamtlontra
675 937 699 992 si
716 937 810 993 torma
825 935 941 1002 detocit,
995 934 1141 992 licitudini
1157 936 1300 1007 adjacere
1313 938 1363 993 sed
1380 937 1578 996 humilitatem
1595 940 1699 996 anima
1715 959 1773 998 suaa
1790 944 1820 998 in

115 1027 330 1090 adminiculum
346 1025 452 1082 nitoris
468 1027 552 1098 quasi
566 1026 602 1082 de
614 1025 802 1098 euogratiam
814 1022 941 1097 supplet.
997 1025 1091 1080 victus
1115 1042 1232 1098 qunque
1257 1026 1449 1100 castigatione
1475 1032 1530 1084 Deo
1556 1027 1721 1088 immolant.
1745 1031 1822 1087 Satis

114 1123 227 1178 Attalea
243 1116 370 1189 denique
384 1115 532 1189 requietas
549 1115 614 1186 jem
638 1119 667 1171 et
690 1113 721 1169 ln
744 1118 860 1185 portum
881 1127 944 1168 mo·
998 1114 1088 1186 igitur
1102 1119 1130 1170 et
1144 1131 1196 1170 voa
1212 1132 1271 1170 usa
1286 1115 1357 1173 estis
1373 1115 1480 1172 divitiis
1497 1121 1585 1190 atque
1600 1117 1724 1189 deliciis,
1749 1121 1822 1177 eatis

116 1208 217 1266 dastie
234 1207 289 1279 (80)
306 1205 468 1262 subductas
483 1203 622 1278 splendor
642 1207 671 1260 at
697 1203 826 1275 dignitas
848 1201 945 1258 cultus
999 1203 1100 1260 dotum
1131 1208 1293 1261 vestrarum
1323 1205 1451 1261 fructum
1482 1205 1634 1264 decidistis
1670 1207 1726 1281 (st)
1755 1215 1823 1267 ante

117 1301 239 1356 avocant
259 1300 289 1352 et
313 1293 494 1351 severitatem
517 1291 747 1366 appetitionibus
769 1291 944 1363 inquietant,
1000 1293 1134 1350 notitiam
1151 1292 1324 1350 salutarium
1341 1294 1575 1366 disciplinarum.
1588 1299 1647 1352 Nos
1663 1313 1778 1370 sumus,
1793 1299 1823 1356 in

119 1383 379 1456 compensantibus
394 1381 506 1440 scilicet
518 1381 639 1438 habitus
653 1380 868 1436 irritamentum
885 1394 945 1458 pro
1000 1399 1076 1456 quos
1090 1383 1282 1438 decurrerunt
1297 1383 1369 1439 dues
1385 1383 1569 1440 iaculorum.
1580 1387 1638 1440 Nos
1654 1386 1791 1442 destinati
1808 1406 1826 1445 a

120 1475 228 1548 frigore
242 1473 336 1530 &itlifl
350 1471 418 1544 (81)·
435 1471 519 1544 l¹3¹8⁰,
536 1471 707 1538 benedicta,
718 1470 813 1543 primo
828 1468 946 1541 quidem
1000 1472 1059 1529 Deo
1071 1475 1139 1526 ante
1151 1471 1291 1526 mundum
1304 1471 1333 1527 in
1345 1471 1568 1528 estimationem
1580 1477 1746 1546 tenrporum
1756 1475 1823 1548 (85);

122 1568 157 1622 ut
173 1565 292 1620 lenones
304 1565 334 1616 et
349 1560 556 1633 prostitutores
570 1559 695 1615 restitue
709 1563 737 1614 et
753 1555 849 1614 cultus
865 1573 901 1613 ue
916 1557 946 1611 in
1000 1565 1142 1632 tanquam
1160 1560 1183 1596 ¹¹
1196 1560 1366 1633 castigando
1380 1565 1409 1616 et
1423 1562 1626 1630 castrando,ut
1636 1563 1676 1622 ita
1689 1563 1824 1636 dixerim,

120 1669 173 1712 vos
183 1650 440 1718 admiseritimtum
452 1647 476 1705 ei
489 1665 563 1722 ques
573 1648 618 1705 vel
628 1645 947 1717 divitiarum[suarum]
1001 1647 1107 1706 saeculo
1122 1647 1275 1704 erudimur
1289 1665 1306 1703 a
1323 1649 1516 1706 Dominc.llos
1526 1666 1630 1706 sumus
1641 1651 1825 1709 circumcisio

120 1741 167 1799 vel
178 1739 321 1798 natalium
333 1738 379 1794 vat
391 1743 468 1794 retro
478 1736 741 1810 dignitetnmratio
752 1733 948 1808 compellitita
1002 1738 1134 1795 omnium
1151 1741 1179 1792 et
1199 1735 1340 1809 spiritalis
1364 1741 1392 1792 et
1415 1737 1552 1805 earnalis,
1578 1755 1646 1795 nam
1670 1740 1776 1813 spiritu
1798 1747 1827 1799 et

122 1829 308 1905 pompaticas
323 1825 471 1900 progredi,
486 1827 528 1881 uti
553 1825 729 1899 sapientiam
752 1826 764 1861 ¹
787 1827 953 1881 consecutas
1006 1843 1093 1884 carna
1108 1825 1260 1883 secularia
1275 1825 1516 1882 circumcidimus
1531 1827 1564 1883 ¹¹.

123 1924 288 1992 temperare
302 1915 407 1974 saltem
435 1915 471 1971 ab
494 1914 667 1986 huJ'usmodi
691 1917 801 1984 curate,
825 1929 861 1968 ne
881 1910 952 1968 totis
1330 1913 1449 1972 CAPUT
1461 1913 1494 1970 X.

123 2007 248 2065 habenis
260 2005 409 2063 licentiam
425 2003 575 2076 usurpetis
590 2006 730 2076 pretextu
754 2002 950 2059 necessitatis.
1040 2003 1186 2061 Nimirum
1202 2002 1279 2058 enim
1298 2003 1373 2059 lleua
1389 2003 1601 2060 demonstravit
1617 2005 1713 2062 succis
1727 2005 1828 2062 herha-

125 2097 277 2164 Quomodo
293 2095 371 2150 enim
387 2092 584 2150 humilitatem
599 2109 687 2165 quam
703 2092 860 2150 Christiani
885 2107 952 2166 pro.
1006 2109 1072 2149 rum
1098 2099 1127 2148 et
1147 2091 1325 2147 concharum
1350 2089 1450 2148 salivis
1473 2091 1530 2164 (86)
1554 2094 1709 2166 incoquere
1733 2095 1827 2153 lanas.

126 2186 256 2253 litamur,
273 2183 394 2255 implere
419 2182 580 2253 poterimus
604 2183 626 2250 ⁸,
652 2198 711 2237 uon
735 2181 952 2254 repastinantes
1007 2182 1159 2238 Exciderat
1173 2179 1226 2248 illi,
1243 2196 1308 2236 cum
1325 2179 1462 2236 universa
1477 2181 1557 2237 nasci
1570 2181 1697 2253 juberet,
1715 2200 1827 2258 purpu-

128 2271 297 2330 divitiarum
312 2274 474 2326 vestrarum
491 2269 533 2326 val
550 2269 760 2342 elegantiarum
778 2286 876 2340 usum,
887 2287 952 2342 qua
1006 2288 1071 2328 reas
1087 2275 1117 2326 et
1130 2269 1281 2326 coccineas
1295 2285 1363 2325 oves
1379 2270 1519 2325 mandare
1536 2286 1542 2325 :
1559 2269 1638 2326 Deus
1653 2278 1681 2329 et
1695 2272 1828 2345 ipsarum

128 2363 164 2420 ad
188 2361 311 2435 gloriam
338 2359 469 2415 iaciunt?
493 2357 591 2414 Gloria
611 2363 708 2415 antem
731 2358 868 2430 exaltare,
894 2376 951 2416 non
1006 2360 1130 2416 vestium
1145 2357 1279 2414 cilicinae
1294 2361 1490 2428 commentus,
1506 2375 1570 2431 quae
1585 2359 1663 2417 leves
1686 2365 1715 2417 et
1739 2361 1829 2420 exiles

129 2449 287 2507 humiliare
301 2447 528 2504 cousuevithn
545 2446 622 2503 enirn
635 2451 753 2503 utemur
763 2447 873 2505 nostris
885 2448 952 2521 (82)?
1007 2447 1069 2505 eolo
1084 2447 1176 2520 pretio
1192 2446 1294 2503 18²8
1309 2462 1412 2519 graves
1427 2453 1535 2516 essent;
1550 2449 1663 2506 [lenset
1674 2451 1738 2506 auri
1748 2456 1831 2509 tanta

130 2540 201 2608 Quis
223 2542 319 2596 autem
342 2537 476 2610 prohihet
509 2535 575 2592 uti‘l
598 2537 764 2593 Secundum
786 2537 952 2609 apostolum
1007 2554 1095 2610 opera
1110 2537 1252 2609 produxit,
1268 2533 1497 2608 complectendis
1512 2540 1541 2592 st
1555 2537 1771 2610 distinguendis
1785 2541 1830 2598 la·

127 2634 237 2699 tamen,
254 2627 304 2700 qui
320 2643 373 2683 nos
389 2625 430 2681 uti
446 2629 546 2682 monet
560 2626 669 2682 mundo
695 2625 762 2695 isto,
785 2625 870 2698 quasi
895 2643 953 2682 non
1008 2625 1099 2701 pillis,
1116 2623 1290 2699 scrupulosa
1302 2625 1378 2680 Deus
1388 2624 1510 2682 auribus
1521 2624 1641 2683 vulnera
1651 2627 1704 2700 (87)
1720 2627 1831 2701 intulit,

129 2718 296 2776 abutamur.
322 2714 453 2771 Praeterit
475 2713 564 2786 euim,
591 2714 698 2786 inquit,
721 2714 841 2773 babitus
864 2716 954 2788 hujus
1008 2720 1037 2773 et
1051 2716 1124 2772 tanti
1142 2713 1245 2770 habuit
1258 2713 1440 2770 vexationem
1455 2715 1553 2788 operis
1568 2715 1614 2772 eui
1629 2721 1658 2772 ot
1681 2718 1830 2775 cruciatus

130 2804 236 2863 mundi
251 2805 318 2876 (83).
335 2805 371 2860 ee
385 2802 435 2875 qui
450 2806 564 2874 emunt,
579 2803 686 2876 inquit,
702 2803 745 2861 sic
759 2808 857 2877 agant,
868 2807 954 2880 quasi
1008 2803 1138 2864 lnlantie
1154 2807 1225 2860 tuno
1239 2800 1368 2875 primum
1384 2801 1521 2872 dolantis,
1537 2807 1570 2858 ut
1584 2819 1619 2859 ex
1633 2803 1692 2861 iltis
1710 2807 1746 2863 ad
1771 2807 1830 2865 ter·

133 2912 192 2953 non
208 2893 404 2969 possidentes.
428 2891 487 2948 Gur
509 2891 573 2948 ita?
596 2891 738 2958 Quoniam
764 2895 954 2967 premiserat,
1009 2910 1074 2951 rum
1089 2891 1149 2949 nati
1173 2889 1303 2962 corporis
1327 2889 1384 2962 (88)
1408 2890 1593 2948 cicatricibus
1616 2908 1708 2966 grana
1731 2896 1831 2953 nesoio

136 2985 237 3042 dicens
254 2999 260 3040 ε
277 2983 407 3056 Tempus
422 2980 452 3036 in
468 2978 591 3037 collecto
607 2985 652 3038 est
666 2981 689 3054 (l
705 2985 766 3040 Gur.
784 2985 954 3057 irate-31).
1010 2999 1075 3057 quae
1090 2983 1262 3056 penderent,
1278 2996 1340 3050 quc
1356 2979 1442 3052 plane
1456 2979 1557 3036 Parthi
1574 2997 1624 3053 per
1638 2983 1738 3039 omnia
1753 3000 1833 3056 que·

133 3073 163 3129 si
178 3089 247 3147 ergo
263 3087 369 3128 uxorea
384 3085 502 3144 quoquc
516 3069 598 3144 ipsas
612 3071 654 3127 sic
670 3070 820 3130 habendae
834 3075 955 3132 demon·
1010 3091 1068 3146 que
1093 3088 1148 3129 sua
1171 3070 1195 3106 ¹⁸
1216 3068 1365 3126 bullarum
1385 3069 1446 3124 vice
1460 3069 1605 3138 inserunt,
1620 3087 1789 3143 quanquam
1805 3079 1834 3130 et

133 3167 219 3232 strat,
236 3165 378 3234 tanquam
394 3177 452 3216 non
468 3159 642 3228 habeantur,
658 3165 778 3234 propter
802 3163 955 3236 angustias
1012 3179 1116 3221 aurum
1132 3161 1241 3234 ipsum,
1262 3159 1348 3230 cujus
1372 3175 1422 3215 vos
1445 3157 1538 3230 gloria
1559 3165 1691 3232 occupat,
1714 3161 1832 3220 cuidam

131 3255 312 3324 temporum,
326 3249 396 3322 quid
411 3250 447 3305 de
461 3248 544 3305 vanis
558 3248 605 3304 bis
618 3248 826 3308 instrumentis
840 3254 957 3310 earum?
971 3221 994 3293 α
1012 3252 1093 3328 genti
1105 3251 1141 3307 ad
1157 3247 1273 3305 vincula
1287 3246 1393 3304 servire
1406 3246 1535 3303 referunt
1548 3246 1703 3320 gentilium
1720 3249 1832 3308 litterae.

134 3338 199 3396 Non
214 3339 293 3396 enim
308 3343 337 3395 et
351 3337 392 3395 ita
416 3336 502 3394 multi
527 3337 649 3408 laniunt,
674 3343 703 3396 et
725 3355 757 3397 aa
780 3341 958 3414 spadonatui
1012 3343 1091 3398 ttdeo
1107 3354 1164 3395 non
1179 3335 1300 3394 raritate
1314 3335 1390 3391 hona
1405 3331 1484 3402 s'uut‘
1501 3335 1552 3391 sed
1568 3336 1702 3406 raritate;
1719 3339 1834 3397 artibus

849 3513 953 3575 Variae
973 3509 1135 3590 lectiones.

162 3661 172 3696 ¹
187 3657 459 3716 Semlexornatum.
496 3659 615 3728 ¹lliput
630 3676 754 3743 saphon
766 3661 923 3720 videantur
933 3655 1314 3730 consecute‚temp.malum
1328 3653 1496 3737 hujusmodi
1509 3659 1619 3710 curate.
1657 3657 1832 3728 ¹liipquum

127 3732 222 3788 nostri
237 3729 544 3804 profitentur,implere
560 3731 702 3802 poteritis.
742 3732 764 3768 ¹⁰
781 3735 829 3804 llrg
843 3734 993 3806 Numquid
1010 3749 1067 3790 non
1083 3728 1184 3801 aliqui.
1223 3730 1246 3765 ¹¹
1262 3729 1367 3782 Praeter
1382 3727 1535 3794 Ripaltrum
1547 3729 1832 3793 omueaexsulanter.

128 3803 152 3838 ¹¹
169 3803 228 3876 lliq.
246 3804 276 3858 in
290 3803 477 3860 extimatione
491 3801 657 3874 temporali.
677 3803 778 3874 ltaque
792 3805 894 3874 castig.
934 3807 957 3842 ¹¹
974 3807 1032 3879 llig.
1049 3818 1119 3860 nam
1134 3807 1163 3857 et
1176 3801 1207 3855 in
1232 3799 1337 3871 spiritu
1362 3805 1391 3854 et
1415 3799 1444 3852 in
1468 3814 1555 3854 carue
1581 3799 1832 3858 circumcidimus.

132 3875 155 3912 ¹¹
169 3876 230 3946 Rip.
245 3874 345 3932 Parthi
360 3874 520 3948 peronibus
536 3889 654 3946 quoque
669 3873 732 3931 suis
747 3875 819 3931 bull.
837 3878 898 3934 vioe
913 3876 972 3936 ina.

848 4045 1109 4109 Commentarius.

165 4194 222 4267 (80)
238 4195 269 4250 ln
287 4203 399 4266 portum
411 4193 563 4254 modestus.
581 4195 747 4253 Translatio
763 4201 808 4253 eet
831 4215 847 4253 a
873 4196 955 4253 navi·
1010 4212 1068 4267 qua
1084 4195 1189 4249 dotata
1205 4190 1336 4248 lucratis.
1354 4191 1479 4247 Lusistis
1495 4207 1502 4245 ι
1517 4190 1591 4247 eatis
1606 4195 1660 4247 est.
1678 4195 1760 4247 Nunc
1783 4191 1832 4247 in·

128 4267 197 4334 hue,
223 4283 288 4338 qua
303 4267 441 4323 intutam
457 4269 613 4326 stationem
629 4284 664 4325 ex
679 4267 738 4326 alto
754 4271 828 4326 mari
844 4270 956 4326 subdu·
1011 4269 1147 4324 ciderunt
1161 4264 1219 4321 alia
1232 4269 1375 4334 tompora;
1386 4269 1413 4318 et
1428 4263 1548 4332 maj0ris
1564 4264 1703 4318 momenti
1718 4265 1834 4337 negotia

130 4344 251 4395 cuntur.
269 4339 358 4392 husu.
1010 4355 1061 4396 vos
1077 4342 1177 4393 teuent
1194 4352 1200 4390 ε
1217 4333 1390 4391 salutarium
1410 4334 1632 4406 disciplinarum
1649 4337 1754 4391 notitia
1780 4351 1834 4392 nos

167 4408 224 4479 (81)
241 4409 488 4478 compensantibus
500 4411 605 4465 seilicet
620 4409 730 4467 babitus
745 4412 956 4467 irritamentum
1011 4410 1068 4468 alio
1092 4413 1191 4473 vocat3
1216 4413 1284 4462 aute
1308 4408 1403 4478 ipsius
1427 4407 1528 4462 mundi
1544 4405 1661 4462 exordia
1676 4406 1835 4463 destinavit

127 4495 182 4553 pro
197 4479 302 4550 tripore
316 4481 415 4533 atatis.
440 4479 488 4532 ait
510 4481 646 4548 laminae,
671 4486 756 4537 etate
775 4483 839 4552 jam
865 4483 955 4537 deter-
1012 4499 1064 4538 nos
1080 4481 1157 4537 Deus
1171 4477 1300 4534 victuros
1313 4478 1342 4533 in
1359 4478 1476 4532 extimis
1491 4478 1684 4549 temporibus,
1704 4478 1734 4534 in
1760 4478 1834 4534 exti-

128 4557 277 4619 vescente‚
301 4564 422 4619 corpora
446 4565 502 4605 sua
523 4555 607 4608 tanto
628 4553 724 4608 studio
747 4569 849 4608 curare
864 4561 891 4610 et
907 4570 955 4608 cn·
1013 4553 1142 4609 mationa
1160 4549 1392 4619 temporalibus
1408 4555 1461 4620 est,
1479 4548 1508 4604 iu
1524 4549 1582 4605 fine
1596 4555 1835 4622 temporumque

130 4623 201 4687 lare,
232 4627 264 4676 ut
289 4620 497 4692 appetitionem
527 4623 571 4679 sui
600 4625 727 4680 excitent
752 4641 758 4679 :
784 4629 813 4680 et
840 4625 865 4679 si
889 4624 960 4696 quid
1014 4629 1145 4695 tempore
1160 4622 1347 4693 cogitandum
1365 4620 1519 4692 nohis‚non
1536 4621 1572 4676 de
1587 4622 1711 4676 terronis
1727 4637 1758 4676 nc
1775 4637 1837 4677 mo·

133 4693 229 4764 trigue
244 4693 338 4748 etatis
353 4693 403 4748 red
420 4694 571 4749 accendat.
589 4695 649 4750 lim.
976 4673 998 4738 D
1015 4701 1115 4752 mento
1130 4693 1279 4766 perituris,
1294 4708 1393 4747 verum
1411 4692 1446 4748 ds
1461 4692 1629 4748 celestibus
1644 4709 1677 4748 ac
1697 4697 1837 4766 perpetuo

168 4763 225 4834 (82)
242 4764 299 4819 lton
314 4765 391 4820 enim
405 4771 518 4820 utemur
530 4767 656 4821 uostris?
671 4765 735 4821 llec
750 4765 805 4821 suh
832 4765 955 4821 temino-
1012 4767 1172 4824 duraturis.
1191 4767 1252 4820 tire.

133 4851 199 4890 rum
217 4851 343 4905 persona
357 4837 637 4908 querentium,qund
654 4854 668 4891 a
683 4837 745 4894 suis
761 4837 955 4910 depellantur.
1048 4838 1104 4910 (85)
1122 4835 1344 4893 inestimatione
1360 4833 1506 4906 temporali
1519 4833 1564 4904 (ut
1580 4832 1650 4906 legit
1666 4834 1834 4908 lligaltius).

136 4907 202 4962 lira.
1012 4910 1045 4964 ln
1061 4907 1199 4963 extremis
1213 4912 1270 4961 tem
1295 4905 1408 4970 oribus,
1424 4907 1453 4959 in
1470 4905 1526 4959 tine
1541 4906 1650 4960 seculi.
1668 4907 1837 4962 Extimatio-

170 4977 227 5058 (83)
242 4979 373 5034 Praeterit
388 4981 463 5035 enim
478 4979 587 5036 babitus
601 4979 684 5052 liuius
700 4979 807 5035 mundi.
821 4978 957 5036 llahitum
1014 4996 1079 5036 nam
1097 4979 1144 5035 hic
1159 4992 1193 5033 eo
1207 4923 1354 5033 intellectu
1374 4977 1481 5048 percipi
1498 4974 1665 5058 voluitque
1680 4980 1836 5045 estimavit,

132 5048 295 5118 dicitquod
312 5049 421 5106 Paulus
435 5056 541 5126 σχῆμα.
562 5053 625 5107 ltro.
1013 5051 1088 5108 libro
1103 5051 1136 5107 de
1151 5049 1258 5106 Corona
1274 5067 1283 5103 :
1299 5071 1313 5100 ιι
1330 5048 1503 5104 contactum
1519 5063 1548 5102 ιιι
1566 5049 1704 5106 manibus
1719 5051 1838 5107 extima·

170 5117 228 5190 (et)
256 5119 330 5175 Setis
356 5121 454 5178 dotum
485 5125 644 5179 aestrorum
670 5123 777 5192 [ructus
804 5121 958 5176 decidistis.
1012 5124 1064 5182 vit.
1082 5144 1096 5174 a
1112 5123 1175 5179 nm.

134 5189 202 5245 Haeo
217 5197 301 5246 erant
314 5190 343 5245 in
362 5193 443 5248 libris
454 5192 597 5251 hactenus
607 5193 694 5250 editis
705 5191 958 5266 depravatissimo.
1049 5195 1106 5278 (86)
1122 5191 1291 5249 coacturum
1306 5191 1400 5244 saliuis
1415 5189 1459 5261 (ut
1472 5187 1551 5245 idem
1568 5189 1660 5265 legit).
1684 5192 1748 5248 Nou
1772 5207 1838 5248 raro

134 5261 365 5320 Emendavlmua
379 5279 414 5318 sx
428 5263 625 5334 agobardino.
644 5265 799 5322 litantem
816 5262 901 5336 quasi
923 5263 960 5319 ad
1014 5264 1129 5322 Plinius
1144 5261 1241 5320 salira
1256 5260 1431 5316 vocabulum
1448 5265 1574 5332 usurpat
1589 5278 1641 5335 pro
1664 5263 1787 5320 humore
1810 5266 1840 5317 et

41 5369 43 5384 ι
137 5333 309 5390 universum
325 5348 420 5417 genus
435 5334 610 5392 feminarum
627 5353 633 5391 ι
650 5335 709 5393 Vos
734 5335 862 5407 lemine,
888 5333 961 5392 eatis
1017 5353 1115 5395 succo.
1129 5341 1171 5390 Ac
1186 5334 1221 5388 de
1236 5332 1374 5404 purpuris
1390 5336 1419 5415 et
1434 5333 1597 5391 muricibus
1620 5335 1705 5408 dixit,
1732 5356 1746 5388 ι
1769 5335 1840 5391 Len·

42 5441 44 5478 ³,
138 5409 298 5474 antequam
324 5413 400 5460 inter
423 5404 557 5462 homines
582 5407 716 5464 Christus
745 5408 960 5476 nominaretur,
1015 5407 1089 5465 toris
1105 5403 1259 5476 cujusdam
1277 5419 1343 5460 cera
1358 5403 1494 5460 salirent.
1512 5425 1526 5454 u
1542 5409 1602 5462 ltro.

43 5499 44 5506 ι
137 5491 198 5531 usse
215 5476 287 5531 estis
301 5475 411 5532 divitiis
424 5480 513 5548 atque
535 5475 647 5533 deliciis
664 5495 671 5533 :
687 5479 759 5536 eatis
784 5478 898 5536 dotium
914 5494 960 5534 ve·
1053 5479 1110 5551 (87)
1124 5475 1290 5547 scrupulosa
1302 5475 1431 5531 vulnero.
1448 5475 1529 5532 Unde
1544 5492 1729 5550 gemmarum
1753 5489 1836 5530 scru-

136 5551 268 5602 atrorum
285 5563 401 5615 usuras,
413 5563 476 5673 Ἃιιω
492 5548 665 5605 maritorum
682 5551 845 5608 commodis
860 5551 963 5606 cedere
1018 5550 1079 5625 puli
1097 5549 1266 5620 penderent.
1284 5546 1348 5602 liro.

137 5619 297 5680 dehabent,
321 5619 393 5690 ipses
437 5617 568 5675 scidistis
591 5635 625 5674 ac
648 5623 801 5692 preceptis
823 5622 852 5676 iu
877 5638 964 5678 omns
1056 5621 1111 5694 (88)
1127 5621 1167 5676 Ad
1180 5623 1288 5690 semum
1303 5619 1363 5674 noti
1378 5617 1840 5747 corfogtirfiaaaguffitadeffirlrlrlrr

1660 5731 1669 5760 l

136 5689 272 5772 luxuriae,
288 5703 393 5772 gemrs,
408 5689 438 5744 in
454 5696 592 5774 sumptus
606 5691 841 5762 ineanoatsatie
856 5692 964 5763 permi-
1020 5690 1420 5774 corpusdlolt‚quod.simu
1465 5761 1471 5773 ·

46 5779 49 5826 l
137 5767 222 5818 aratra
244 5760 359 5832 decerpi
385 5759 565 5833 voluptarios
586 5763 700 5820 tructus
725 5762 964 5836 pulchritudinis,
1023 5769 1154 5836 noratur,
1164 5762 1226 5822 lma
1239 5763 1352 5822 nricrlla
1366 5762 1524 5820 rnlantrum
1540 5773 1670 5833 pertusa.
1686 5765 1750 5820 ltro.
