4096 6180
209 321 271 387 ’183
470 321 734 387 beatudinem
755 319 919 382 OPlllilllll
938 317 1040 381 PARS
1060 318 1086 382 1.
1101 349 1141 364 -
1155 317 1294 382 sentos
1316 321 1339 396 l,
1362 319 1644 386 scoldascios.
1851 322 1909 400 'llll

208 471 266 512 nus
279 455 309 512 in
323 454 392 513 dela
407 471 474 511 cum
491 457 717 527 persequeretur
746 453 902 521 instanter,
928 468 1032 510 omnes
1047 455 1074 522 Α
1088 453 1176 511 Parce
1190 469 1259 525 ergo
1269 451 1334 520 tibi,
1352 450 1377 507 ei
1393 465 1451 507 non
1467 450 1563 520 nohis,
1588 469 1677 526 perce
1688 453 1866 527 Carthagini,
1882 455 1909 513 si

205 541 286 601 illius
301 542 426 601 civitatis
441 543 598 601 Christiani
627 547 693 598 enta
722 541 882 599 tribunalis
911 543 976 614 mus
997 559 1029 598 ee
1083 543 1325 613 nontibi‚paroe
1343 540 1498 612 provincie
1514 558 1577 614 que
1599 543 1663 600 visa
1678 543 1840 600 intentione
1857 547 1908 601 lua

205 647 295 689 manu
319 631 396 688 lecta
424 631 604 700 obtulerunt,
620 648 688 689 oum
703 631 727 668 ³³
743 631 802 702 ille,
828 631 930 704 paneis
959 630 1028 686 duci
1082 630 1206 688 obnoxie
1231 631 1307 687 lecte
1334 633 1379 686 est
1407 629 1653 688 concussionibus
1680 630 1852 688 etmilitnm
1877 636 1906 689 et

114 727 117 734 '
201 720 308 792 jussis,
323 720 505 794 reliquierit,
526 721 560 774 'a
574 716 673 787 διῑλοι,
689 717 713 774 εἰ
729 717 821 775 θέλετε
835 717 1026 789 ἀποθνήσκειν,
1081 719 1269 776 inimicorum
1280 721 1562 791 snorumeujusque.
1572 719 1744 792 Magistrum
1757 721 1903 778 neminem

205 805 381 883 κρημνοοςῆ
412 808 533 884 βρόχους
560 805 638 883 ἔχιτι
652 809 719 881 (21).
745 808 805 866 Ηοο
831 809 856 864 si
885 808 1029 879 placuerit
1081 807 1308 874 habemns‚nlsi
1333 812 1423 864 Deum
1447 807 1555 864 solum.
1574 808 1624 864 llic
1646 812 1759 865 antete
1780 815 1903 876 est,nan

205 898 288 956 ethin
302 897 454 968 llari,quid
468 899 601 955 lrciesde
615 897 705 954 tantis
715 896 847 953 millibus
859 896 1026 967 hominum,
1081 897 1222 953 abscondi
1235 901 1341 969 potest,
1355 897 1406 952 sed
1422 895 1470 952 oui
1495 896 1566 952 nibil
1583 897 1677 954 lacere
1693 897 1799 970 possis.
1816 899 1902 954 Certe·

203 990 247 1044 iot
262 986 332 1043 viris
348 1003 381 1042 eo
413 985 541 1054 leminis,
568 987 665 1042 omnis
686 1001 784 1052 sexus,
807 985 1024 1056 omnisciens,
1080 1003 1145 1043 rum
1163 1002 1237 1058 quos
1253 984 1402 1058 putastibi
1426 985 1593 1056 magistros,
1611 985 1766 1042 homnines
1788 991 1857 1042 suut
1871 992 1900 1042 et

203 1075 300 1133 omnis
328 1074 491 1148 dignitatis,
526 1075 717 1132 offerentibus
746 1091 778 1130 aa
802 1072 882 1130 tihi?
901 1073 1023 1139 Quantis
1078 1072 1135 1146 ipsi
1160 1073 1294 1130 morituri
1316 1073 1502 1146 quandoque.
1519 1072 1577 1130 Neo
1597 1077 1694 1130 tamen
1710 1074 1826 1130 deliniet
1839 1074 1900 1130 hren

199 1162 569 1236 ignibus,quantisgladiie
581 1179 655 1234 opus
665 1162 732 1220 erili
746 1163 891 1234 quidipsa
901 1161 1023 1218 Cartha·
1078 1167 1166 1228 secta,
1179 1177 1268 1234 quam
1284 1167 1356 1218 tunc
1380 1161 1475 1233 magis
1489 1162 1625 1218 edificari
1641 1163 1715 1220 1θῦ
1728 1161 1814 1231 scias,
1831 1179 1897 1220 cum

199 1267 235 1325 go
251 1257 445 1325 passurasst,
469 1251 728 1318 decimandsate,
745 1268 812 1308 cum
828 1252 1022 1322 propinquos,
1077 1250 1147 1306 cedi
1176 1250 1301 1306 videtur.
1320 1249 1450 1321 Quisque
1472 1250 1550 1306 cuim
1576 1255 1688 1306 tanum
1713 1251 1898 1307 tolerantiam

198 1355 266 1396 cunt
279 1337 505 1397 contubornales
515 1337 652 1394 suoeillio
665 1337 1020 1409 unusquisqueoognove-
1076 1343 1213 1410 spectans
1227 1339 1261 1405 ⁸⁴,
1279 1344 1311 1394 ut
1325 1337 1423 1410 aliquo
1445 1337 1585 1410 scrupulo
1598 1353 1757 1410 percussus
1773 1340 1846 1397 ton
1863 1341 1896 1409 ³⁸,

197 1427 245 1496 rit,
261 1444 328 1484 cum
342 1428 448 1484 viderit
462 1425 523 1483 illie
538 1426 660 1483 lortasse
675 1425 762 1482 sttui
777 1425 890 1482 ordinis
901 1427 978 1482 viros
992 1429 1023 1482 et
1074 1431 1102 1482 et
1116 1425 1264 1498 inquirere
1290 1426 1470 1489 accenditur.
1486 1427 1538 1498 qni
1564 1426 1603 1481 sit
1632 1426 1662 1481 in
1677 1443 1778 1494 causa,
1793 1433 1822 1484 et
1847 1427 1898 1484 ubi

196 1519 358 1588 matronas,
387 1519 417 1572 et
444 1514 621 1588 principales
646 1531 795 1586 quasque·
814 1530 965 1586 personas,
991 1517 1021 1571 et
1074 1515 1418 1588 cognoveritvoritatem,
1434 1518 1463 1570 et
1477 1516 1541 1587 ipse
1556 1515 1657 1571 statim
1672 1516 1816 1588 sequitur.

194 1604 356 1662 amicorum
383 1610 503 1662 tuorum
532 1602 578 1661 vel
604 1602 786 1676 propinquos
808 1603 852 1660 vel
881 1601 1020 1660 amicos?

910 1719 1011 1781 Variae
1025 1718 1186 1782 lectiones.

229 1825 253 1863 ⁸⁸
276 1827 353 1885 Tum
367 1826 493 1885 Rheon.
531 1827 555 1864 ⁸⁴
577 1827 755 1902 llxspeetans
783 1825 870 1884 hbeo.
886 1825 909 1862 ⁸⁸
931 1829 965 1882 ln
980 1825 1081 1898 hbeo„
1104 1830 1173 1885 lue.

910 1942 1173 2006 Commentarios.

199 2137 202 2147 Ι
227 2049 284 2124 (21)
298 2051 331 2107 'u
346 2047 445 2121 iniant,
459 2072 485 2109 κ.
500 2071 526 2110 τ.
542 2049 570 2110 λ.
587 2051 642 2110 hoc
656 2055 720 2111 est:
736 2073 751 2105 n
767 2051 789 2109 0
804 2050 916 2122 miseri,
931 2051 957 2107 si
972 2051 1048 2109 mori
1061 2049 1161 2122 vultis,
1177 2051 1340 2125 precipitio
1359 2050 1473 2109 habetis
1483 2056 1513 2109 et
1526 2049 1656 2125 laqueos.
1673 2071 1688 2102 n
1703 2053 1772 2106 Eue.

1520 2237 1896 2250 m*-

1521 2255 1895 2267 ..Ἣ-

625 2413 1455 2581 11188ΕΒΤΑΤΙ11

301 2658 358 2746 IN
393 2657 447 2771 Q·
484 2659 636 2748 SEPT.
671 2660 846 2752 FLOR.
882 2660 1268 2746 TllltTUthle
1304 2658 1770 2769 APOLOGETICUM,

553 2810 646 2868 nuos
664 2810 711 2868 nn
730 2808 909 2870 namanes
938 2808 1074 2876 uranos,
1094 2809 1140 2865 nr
1159 2807 1261 2867 unuu
1283 2809 1330 2865 nn
1350 2808 1553 2877 susannae,

739 2937 916 2987 lucrm
930 2935 1066 2986 ΜΙΙΝῡ
1081 2935 1157 2985 Md).
1174 2936 1223 2985 ΙιΙ1
1237 2935 1394 2986 nomn!
1460 2955 1465 2964 ·

381 3072 560 3115 recemiro
578 3075 613 3114 n·
631 3073 766 3116 MONAGHO
785 3073 901 3114 ottbtnns
920 3073 1019 3116 BANCl'l
1037 3072 1186 3114 betholon
1205 3073 1222 3112 Β
1241 3072 1473 3114 coadunatione
1491 3071 1591 3114 sancti
1609 3071 1714 3114 usust.

465 3323 577 3381 CAPUT
592 3324 746 3396 PRIMUM,
1019 3328 1042 3394 Β
1095 3322 1203 3380 Deinde
1228 3337 1296 3378 vero
1325 3321 1349 3380 si
1379 3321 1565 3379 Christianus
1592 3320 1756 3394 sacrilegii,
1783 3321 1881 3380 ineest

179 3425 310 3502 doulyre't
330 3429 510 3503 dpelopetr'el,
531 3434 557 3486 ei
580 3431 643 3502 quie
657 3433 694 3494 rii
709 3431 910 3500 Tertullianus,
925 3431 1003 3503 cuju,
1058 3409 1221 3479 homicidii,
1251 3409 1293 3466 vol
1323 3408 1443 3466 alterius
1482 3407 1641 3482 cuiuslibet
1668 3410 1812 3478 criminis,
1841 3411 1885 3466 uli

438 3503 552 3558 nominc
567 3502 738 3558 inscribitur.
1060 3497 1229 3573 garriebant
1250 3499 1386 3572 gentilos,
1415 3516 1483 3555 reus
1511 3499 1559 3567 sit,
1589 3514 1641 3555 cur
1655 3497 1692 3554 ab
1710 3496 1770 3556 lllls
1784 3502 1887 3557 eontra

384 3631 609 3674 „mum
642 3631 806 3674 gmon·
1059 3588 1175 3644 divinas
1189 3587 1398 3661 humanasque
1422 3587 1513 3660 leges,
1539 3587 1603 3644 sine
1618 3586 1678 3643 ulla
1689 3587 1822 3644 criminis
1838 3605 1884 3644 aa·

1056 3675 1215 3744 coactione,
1231 3676 1294 3732 eine
1324 3680 1410 3744 leste,
1438 3675 1501 3733 sina
1517 3676 1623 3748 praevio
1640 3674 1730 3732 ullius
1754 3677 1884 3732 circnm-

1056 3765 1185 3836 stantie,
1200 3765 1354 3838 temporis,
1371 3765 1556 3822 consciorum
1572 3764 1718 3832 examine,
1730 3764 1780 3820 sad
1797 3765 1883 3821 unire

170 3899 174 3912 .
211 3859 283 3912 (lum
299 3853 498 3912 Tertullianus
515 3872 571 3912 non
588 3857 773 3930 magnesiae
793 3855 998 3914 animidolore
1057 3851 1885 3927 ponitusnomlnisprejndicincondemnaturiPlinius

174 3947 307 4001 cerneret
324 3943 506 4001 Christianos
533 3948 614 4000 tanta
640 3945 797 4017 iniquitate
811 3946 847 4002 eb
871 3945 997 4002 ethnicis
1055 3943 1168 4017 itaque,
1181 3943 1236 3999 heo
1253 3942 1399 4016 injustitia
1411 3946 1571 4016 permotus,
1585 3943 1743 4013 'l'rnjenum
1757 3941 1884 4014 impera·

171 4031 270 4088 vexari
293 4035 323 4087 et
346 4030 498 4089 oeridl.ut
525 4049 578 4089 nec
598 4033 767 4106 slbipelsm
796 4033 996 4101 setuari,nec
1051 4042 1148 4088 torem
1178 4031 1368 4104 interrogauit
1398 4031 1469 4103 quid
1496 4032 1532 4086 da
1556 4029 1738 4096 Christianis,
1768 4029 1880 4086 nullius

167 4118 383 4190 jndicibneeos
412 4119 529 4192 publice
557 4123 659 4178 audire
682 4122 791 4190 liceret,
807 4123 844 4179 ad
865 4123 994 4195 ipsorum
1052 4122 1150 4193 plane,
1180 4125 1285 4193 preter
1314 4119 1490 4176 obstinatam
1520 4119 1550 4174 in
1565 4117 1616 4175 Dei
1631 4123 1660 4175 et
1674 4117 1779 4175 christi
1796 4118 1878 4176 cultu

171 4223 292 4265 oausam
308 4206 423 4264 occulta
445 4209 622 4283 scriptorum
637 4211 664 4267 vi
689 4212 765 4282 apud
793 4212 916 4268 Romani
942 4212 996 4268 im·
1050 4199 1163 4283 sueque
1177 4207 1334 4281 disciplina
1350 4207 1555 4280 perseverandi
1571 4208 1762 4277 voluntatem,
1776 4207 1876 4264 orimi-

171 4294 245 4368 perii
261 4295 409 4352 antitistes
433 4297 577 4368 agendam
605 4313 763 4370 aggressus
779 4303 833 4354 cst.
860 4302 993 4356 Primum
1051 4297 1098 4354 nis
1114 4301 1164 4354 aut
1186 4297 1284 4353 delicti
1302 4297 1455 4364 convictis,
1471 4298 1616 4369 egendum
1631 4302 1718 4354 asset.
1735 4297 1790 4354 Sed
1807 4297 1874 4353 nul-

169 4381 269 4457 ltaqne
290 4384 464 4456 gravissime
478 4383 678 4456 conqueritur,
695 4385 877 4443 Christianos
892 4404 993 4446 ornnes
1046 4384 1109 4442 lum
1125 4384 1205 4442 aliud
1223 4386 1259 4441 ah
1276 4384 1325 4442 illo
1341 4401 1516 4458 responsum
1537 4386 1658 4460 accepit,
1677 4385 1734 4442 nisi
1749 4401 1799 4442 cos
1814 4401 1873 4442 non

169 4472 207 4528 eb
230 4472 367 4538 ethnicis,
383 4471 435 4544 qui
463 4487 581 4528 cosnec
606 4479 991 4541 noverantnecnossevo-
1048 4489 1112 4531 esse
1140 4473 1345 4546 inquirendos,
1375 4475 1424 4531 sed
1457 4474 1572 4532 oblatos
1597 4475 1749 4547 judicibus
1775 4475 1873 4548 puniri

167 4559 278 4626 lebant,
303 4565 406 4616 contre
430 4559 529 4615 omnis
554 4561 701 4634 equitetis
730 4569 885 4621 atnaturte
911 4566 991 4638 jura,
1047 4569 1189 4636 oportere.
1204 4563 1278 4630 Quid
1293 4565 1537 4636 autem,nbsacro
1552 4569 1590 4636 te,
1605 4563 1737 4636 iniquius
1749 4579 1783 4621 ea
1796 4563 1872 4636 lege,

167 4647 235 4705 odio
250 4646 337 4720 plane
353 4647 530 4718 implacabili
546 4649 647 4706 haberi
663 4655 693 4708 et
711 4653 922 4710 excarnificari.
940 4652 992 4710 Pn-
1046 4668 1110 4725 que
1125 4651 1319 4719 Christianos,
1345 4657 1447 4724 utpote
1477 4653 1660 4723 innocentes,
1684 4653 1876 4726 vetatinqui·

165 4734 276 4793 blicum
291 4735 439 4792 enimvero
453 4735 543 4808 hujus
554 4737 727 4810 ignorantis
740 4741 944 4798 testimonium
955 4701 1027 4798 eoc
1047 4739 1080 4809 ri,
1106 4745 1135 4797 ut
1175 4745 1315 4812 tanquam
1346 4746 1484 4798 nocentes
1521 4742 1711 4799 condemnari
1738 4741 1872 4814 precipit

165 4824 262 4895 magis
275 4823 393 4880 illorum
407 4825 672 4897 prevaricationem
690 4830 895 4904 redarguebat,
911 4831 989 4903 quod
1046 4831 1121 4903 loap.
1135 4830 1163 4902 2)
1180 4829 1191 4884 l

165 4911 216 4969 nbi
232 4911 362 4986 primum
378 4915 576 4986 agnoscebant
592 4933 656 4988 ques
680 4921 709 4972 et
724 4918 818 4990 qualis
834 4920 872 4975 sit
887 4919 989 4993 religio
1078 4918 1121 4973 Ad
1138 4917 1199 4974 hcc
1225 4934 1301 4986 voro,
1317 4917 1424 4975 einais
1448 4919 1647 4992 humanisque
1674 4917 1787 4990 legibus
1801 4935 1872 4976 cau-

164 4999 458 5073 Ghristiane,stetim
477 5002 578 5060 relicto
605 5005 988 5077 lelsornmdaorumcullu,
1043 5011 1176 5078 tumeat,
1206 5022 1242 5062 ne
1267 5006 1357 5063 ullius
1384 5007 1543 5080 cujuslibet
1566 5007 1699 5064 criminis
1728 5008 1873 5066 reusulla

150 5103 231 5156 ,sem
246 5092 467 5147 tototsrrarum
484 5091 513 5146 in
536 5092 871 5166 orbeamplexabentur.
889 5097 989 5170 Neque
1043 5112 1175 5167 unquam
1205 5099 1391 5166 torqueretur
1419 5101 1471 5152 eut
1493 5112 1589 5169 prena,
1621 5099 1673 5153 aut
1696 5095 1869 5169 quastione,

165 5177 384 5235 dicendnmest
402 5177 470 5234 illos
497 5178 526 5234 in
557 5180 669 5237 malum
696 5189 767 5240 tunc
781 5184 905 5240 traduci.
921 5186 989 5242 itali
1043 5184 1100 5239 nisi
1129 5189 1160 5239 ut
1186 5183 1296 5240 scelera
1314 5201 1369 5240 sna
1394 5185 1591 5240 confiteretur.
1619 5188 1655 5241 nt
1677 5184 1869 5242 Christiania

164 5263 311 5337 siquidem
333 5264 460 5321 hominis
486 5265 544 5321 han
572 5271 617 5322 est
631 5268 771 5334 conditio,
787 5273 820 5326 ut
834 5271 945 5344 pudore
960 5277 989 5329 et
1042 5273 1188 5329 contrario
1216 5273 1539 5344 discruciahantu13ut
1565 5291 1609 5345 ca,
1639 5289 1764 5347 quornm
1780 5291 1867 5332 ecca·

163 5351 269 5409 umere
297 5351 447 5424 perinsus,
476 5351 605 5410 latebras
633 5361 768 5426 querat:
795 5363 896 5415 contre
921 5376 986 5417 vero
1042 5362 1100 5418 sari
1116 5360 1260 5431 solebant,
1286 5362 1419 5431 crimine,
1440 5361 1726 5433 sequeGhristienos
1741 5379 1869 5420 essens·

161 5439 356 5508 christianus,
372 5440 427 5495 elsi
447 5440 605 5498 damnatus
619 5458 653 5497 ao
677 5445 810 5517 quolibet
823 5451 986 5505 tormento·
1041 5453 1153 5523 gerent.
1170 5449 1210 5504 De
1225 5450 1286 5506 solo
1302 5451 1644 5520 itaqueGhrietiannrum
1660 5453 1779 5508 nomine
1790 5469 1866 5524 prae-

162 5545 229 5586 rum
244 5543 349 5601 genere
373 5528 567 5599 excruciatus,
584 5531 620 5586 de
643 5548 698 5589 sua
722 5535 904 5606 professione
923 5537 985 5611 glo·
1039 5537 1112 5593 lium
1129 5540 1201 5594 erat.
1217 5537 1252 5594 lit
1277 5543 1354 5596 certe
1378 5555 1442 5612 ques
1467 5555 1484 5595 a
1508 5539 1662 5611 judicibus
1692 5540 1729 5598 do
1756 5539 1869 5598 tehalla

162 5616 265 5687 natur,
280 5615 368 5691 gestit
382 5619 411 5674 st
425 5616 553 5675 exsultat
572 5621 646 5693 (cap.
665 5621 702 5692 l).
1039 5625 1178 5684 aduersus
1207 5639 1257 5682 cos
1280 5627 1529 5700 pronuntiabatur
1556 5627 1722 5698 sententia,
1751 5626 1864 5688 omisso

412 3732 541 3805 Analyeie
565 3731 750 3806 Apolopelt‘ce'.
