4156 6194
185 311 220 372 ll
924 311 1143 374 remunito,
1853 314 1890 374 l!

181 457 284 511 mann,
295 439 805 516 diligenterinvestigatosaeceptnri
816 445 1010 510 snmus3turn
1024 443 1053 512 Α
1066 445 1213 516 quotquot
1227 441 1430 511 ecclesiastici,
1458 442 1510 515 qui
1534 457 1668 500 summos
1692 457 1726 498 ae
1744 441 1892 516 legitimos

182 534 301 589 demum
318 530 466 588 coronidis
485 530 588 598 instar,
606 531 727 588 uberius
750 531 780 587 in
796 531 852 587 hoc
867 531 1006 604 prooemic
1060 531 1763 606 sanctitatisapicesnondnmluerintadepti,nec
1774 535 1889 588 rectum

181 617 327 694 supererit
354 621 402 676 ss
435 619 592 694 indigitare
622 636 750 692 quonam
767 635 866 676 rarum
892 620 1006 689 ordine,
1061 621 1129 678 lldei
1145 622 1292 678 tramitem
1308 620 1509 678 indeclinabili
1537 621 1611 693 pede
1639 620 1794 691 triverint;
1823 637 1889 678 oum

180 709 323 768 librorum
349 709 434 777 serie,
457 708 696 766 dissertationum
713 710 888 780 accessione,
905 710 1008 768 lactio-
1061 711 1140 768 enirn
1154 713 1205 770 12
1222 711 1394 783 aliquandiu
1406 709 1510 767 saltem
1527 710 1557 766 in
1573 709 1740 767 orthodoxae
1752 711 1890 784 tideigre-

181 815 254 855 num
273 796 445 854 collatarum
461 796 611 866 verietate,
628 800 907 855 commentariorum
921 797 1006 856 uber·
1060 801 1120 858 mio
1136 801 1331 868 constiterint,
1347 800 1455 856 idcirco
1483 815 1601 858 omnem
1615 799 1675 856 illis
1698 799 1787 857 fldem
1804 801 1889 857 abro-

180 890 240 944 tnts
257 903 290 943 ac
318 886 443 956 delectu,
460 887 655 960 appendicum
671 891 700 944 ot
714 888 853 957 ¹indicum
878 887 1006 945 culmine
1059 905 1129 963 gare
1144 906 1197 946 neo
1218 906 1271 963 par
1286 905 1339 945 nec
1355 890 1399 946 las
1414 892 1478 946 est:
1494 889 1628 962 quinimo
1645 889 1674 945 in
1693 890 1888 961 quibuscum

179 979 240 1035 hau
255 995 330 1036 nova
343 977 431 1036 editio
446 977 486 1035 sit
499 978 535 1034 ab
551 976 617 1035 aliis
632 979 822 1036 secernenda.
1059 977 1224 1035 cathalonis
1238 978 1420 1052 conspirant,
1436 978 1465 1034 in
1487 977 1524 1034 iis
1540 993 1575 1036 eo
1590 979 1686 1049 major
1699 994 1792 1052 penas
1807 979 1888 1052 ipsos

1060 1067 1169 1125 llducia
1182 1073 1238 1137 est,
1251 1067 1329 1140 quod
1354 1067 1424 1124 binc
1439 1071 1467 1124 et
1485 1067 1554 1124 inne
1571 1067 1765 1126 collusionem
1781 1068 1844 1125 llari
1859 1071 1888 1126 et

410 1129 603 1188 ARTICULUS
633 1133 653 1184 p
655 1129 773 1188 RIMUS·
1060 1155 1153 1214 amine
1168 1156 1316 1229 conjurari
1327 1172 1414 1214 nemo
1429 1174 1520 1214 sanus
1534 1157 1724 1215 existimabit.

354 1235 390 1276 ¹²⁸
407 1235 601 1276 mmmm
624 1235 824 1276 mmmm·
1095 1246 1145 1304 llis
1173 1246 1325 1305 catholicis
1353 1247 1394 1303 rei
1417 1245 1580 1304 Patrrsticaa
1612 1247 1715 1320 positis
1749 1245 1884 1316 criteriis,

210 1335 379 1392 Auctoritas
395 1335 426 1392 in
450 1351 483 1393 en
499 1335 549 1408 qui
570 1339 733 1408 potestatem
747 1335 849 1391 hohan
863 1333 937 1392 alios
952 1335 1004 1391 do·
1058 1352 1138 1394 nunc
1152 1336 1367 1394 deveniendum
1396 1341 1441 1394 est
1469 1337 1505 1392 ad
1522 1336 1709 1409 propositum
1724 1341 1860 1395 nostrum
1876 1353 1884 1406 ;

176 1429 231 1497 cet,
247 1430 323 1482 reete
338 1442 356 1482 a
380 1423 489 1498 duplici
513 1425 608 1498 capite
635 1424 801 1494 deducitur,
819 1441 924 1497 nempe
938 1429 1003 1481 tum
1058 1443 1137 1482 nunc
1152 1442 1235 1499 aque
1249 1425 1332 1483 lance
1347 1442 1381 1482 ao
1395 1425 1481 1482 firma
1494 1425 1686 1484 estimandus
1700 1433 1744 1484 est
1754 1428 1886 1494 Qorurus

176 1515 212 1572 ab
227 1513 322 1587 ipsius
336 1513 465 1570 scientia
495 1513 701 1582 estimatione,
730 1517 795 1569 turn
815 1512 853 1569 ab
869 1514 1002 1586 ejusdem
1057 1517 1212 1572 Sarmurns
1235 1515 1366 1572 incana
1388 1515 1622 1582 Taarunmauus,
1643 1519 1687 1573 tot
1702 1519 1885 1572 vetustarum

175 1603 343 1664 veracitatis
358 1603 477 1660 fiducia.
1058 1603 1280 1678 disciplinarum
1306 1603 1522 1678 peritissimus;
1552 1603 1768 1678 philosophica,
1793 1604 1887 1662 hiato·

212 1693 267 1749 Uni
281 1695 310 1750 et
323 1690 379 1749 soli
393 1695 451 1748 Deo
463 1707 583 1750 summa
593 1689 752 1748 sustentas
764 1694 819 1763 est,
834 1691 944 1764 quippe
955 1691 1003 1747 cui
1057 1693 1127 1762 rica,
1138 1694 1277 1766 juridica,
1302 1693 1432 1751 oratoria
1455 1710 1489 1750 ec
1517 1694 1631 1767 poetica
1654 1693 1820 1751 eruditione
1835 1710 1887 1767 pn·

175 1780 582 1840 solisummaeitveritasin
606 1782 820 1854 cognoscendo,
837 1785 866 1838 et
884 1786 1144 1882 summaBtsns3
1175 1782 1267 1840 multo
1282 1787 1450 1856 susceptam
1466 1787 1533 1840 ants
1555 1783 1644 1840 tldsrn
1674 1781 1886 1840 lorensilande

173 1871 206 1928 in
220 1871 344 1928 dicendo
359 1871 512 1928 veracitas.
1057 1871 1183 1940 florens;
1213 1872 1362 1929 florentior
1389 1876 1420 1928 et
1447 1875 1565 1944 accepta
1592 1871 1660 1940 fide,
1677 1875 1778 1944 utpote
1793 1871 1884 1928 totius

208 1959 350 2026 Qualibet
365 1961 423 2016 alia
450 1977 484 2018 ao
510 1959 606 2031 major
632 1960 731 2017 evadit
756 1959 1002 2034 auctoritas,quo
1057 1961 1291 2020 Christianorum
1316 1977 1424 2030 causa,
1450 1977 1548 2018 coram
1584 1960 1824 2034 imperatoribus,
1853 1959 1883 2017 in

171 2049 292 2123 propior
305 2049 342 2105 ad
358 2047 440 2106 illam
455 2048 605 2106 acceditet
618 2048 916 2122 perlectionejuadem
933 2066 1001 2123 par·
1056 2051 1136 2107 orbis
1151 2051 1274 2108 Romani
1290 2051 1362 2122 torn,
1378 2050 1515 2108 delensor
1542 2053 1571 2106 et
1599 2053 1762 2123 patronus;
1788 2065 1849 2106 ara
1866 2066 1884 2106 a

174 2140 268 2211 ticeps
284 2137 422 2196 allicitur.
1055 2138 1170 2197 cbristo
1184 2141 1309 2197 Domino
1325 2140 1460 2197 secunda
1472 2155 1505 2196 ac
1521 2137 1723 2210 llnoatolorum
1739 2138 1878 2211 proxima

213 2227 284 2284 ilino
299 2227 385 2284 nobis
400 2226 557 2285 Catholicis
572 2226 654 2285 nulla
668 2228 723 2285 sub
748 2227 809 2285 sole
825 2228 929 2301 major,
942 2227 1001 2284 imo
1057 2245 1170 2303 praco;
1200 2229 1315 2303 primus
1343 2227 1475 2286 Ecclesia
1498 2227 1604 2286 balina
1619 2225 1705 2284 testis
1719 2230 1748 2284 st
1762 2228 1877 2297 vindex,

176 2317 306 2375 maxima
320 2317 351 2373 in
367 2316 439 2374 eoelo
454 2321 483 2374 at
498 2317 528 2374 in
544 2323 632 2385 terre,
650 2333 702 2374 nan
716 2316 774 2374 alia
789 2334 822 2374 ac
842 2317 891 2373 Dei
908 2318 1002 2390 ipsius
1056 2316 1114 2375 imo
1130 2335 1209 2375 unus
1223 2319 1309 2390 cujus
1332 2317 1465 2374 vindicis
1490 2318 1525 2373 ad
1545 2332 1599 2373 nos
1613 2316 1818 2389 pervenerint;
1833 2314 1879 2373 in·

177 2412 232 2476 est,
248 2406 383 2464 Ecclesia
407 2406 539 2464 docentis
555 2409 695 2479 poteslas,
712 2423 776 2479 qua
797 2407 876 2464 verbo
890 2409 1003 2464 virtutis
1056 2407 1154 2480 signes
1167 2407 1305 2464 Africana
1330 2405 1397 2463 fidei
1418 2405 1574 2480 primitiam
1593 2405 1724 2462 virorum
1739 2405 1879 2478 apostoli·

179 2496 229 2552 Dei
245 2496 293 2569 (l),
319 2495 350 2550 ln
376 2511 428 2567 quo
452 2499 517 2552 aaut
540 2511 633 2552 omnes
660 2497 786 2552 tisacuri
807 2497 951 2568 sapientiae
976 2505 1003 2553 et
1056 2513 1157 2554 corum
1173 2496 1331 2565 alumnum
1347 2495 1488 2569 magister
1502 2499 1531 2551 at
1545 2494 1608 2568 ipss
1624 2499 1879 2567 martyrumpon·

176 2586 304 2643 scientia²
317 2585 468 2642 absconditi
482 2585 532 2658 (5),
547 2601 611 2658 qua
626 2583 775 2642 infallibili
803 2600 1000 2658 necunquam
1055 2586 1169 2642 tisinum
1185 2591 1214 2641 et
1228 2585 1402 2652 doctorum3
1431 2583 1529 2640 Roma
1553 2583 1589 2639 ad
1612 2598 1695 2640 saera
1715 2587 1879 2656 provectus,

179 2673 215 2730 ad
242 2673 526 2730 consummationem
560 2672 658 2730 saculi
686 2673 850 2730 deficienda
877 2674 1001 2744 Spiritus
1055 2674 1282 2748 carthaginique
1297 2673 1327 2730 in
1342 2673 1515 2746 presbyterii
1536 2671 1602 2729 albo
1617 2673 1781 2746 ascriptus;
1797 2689 1879 2730 arca·

176 2761 275 2821 Sancti
290 2762 469 2835 assistentia,
485 2761 598 2831 nititur,
614 2761 727 2836 regitur
748 2777 782 2819 ac
797 2761 999 2819 confirmatur.
1054 2780 1160 2821 norum
1174 2762 1390 2820 scientissimus
1404 2779 1412 2834 ;
1428 2763 1563 2819 omniurn
1577 2779 1637 2820 sna
1653 2762 1747 2818 atatis
1762 2761 1879 2819 barreti-

168 2891 177 2908 .
212 2851 301 2910 Porro
316 2851 454 2909 omnibus
469 2850 626 2908 Catholicis
641 2851 691 2924 qui
706 2849 913 2908 seseEcelasis
928 2851 1000 2926 legi·
1053 2869 1154 2910 corum
1170 2851 1342 2921 debellator,
1365 2851 1426 2908 imo
1446 2851 1578 2908 Montani
1593 2867 1709 2909 aversor
1723 2851 1877 2922 egregius;

173 2942 263 2999 limos
278 2940 354 2998 lilios
382 2942 505 3015 probare
527 2940 657 3012 student,
675 2957 794 2998 necesse
822 2957 887 2998 esse
916 2941 1001 2998 docet
1053 2945 1202 3000 ettamem
1226 2940 1351 3010 (utinam
1375 2939 1482 3008 ebsitl)
1508 2938 1697 3004 Montanista,
1713 2937 1877 3005 hereticus,

173 3031 203 3088 n.
216 3029 387 3088 Vincentius
397 3028 564 3099 Lirinensis,
576 3032 786 3086 utsanetorum
802 3029 921 3086 Petrum
931 3029 999 3087 fidei
1053 3031 1258 3103 haereseosque
1286 3034 1374 3103 caput
1402 3033 1580 3096 emortuum,
1609 3024 1742 3082 Ecclesia
1756 3024 1876 3082 tandem

170 3119 341 3190 inhaereant,
368 3118 601 3192 agglutinentur,
630 3117 837 3175 immoriantur
850 3118 899 3189 (dl.
923 3119 994 3175 liam
1048 3121 1113 3191 ianr
1128 3137 1187 3177 non
1202 3119 1290 3175 homo
1305 3117 1349 3174 l...

169 3225 246 3276 vero,
268 3209 469 3265 consentiente
495 3212 558 3265 tota
581 3207 762 3276 l'raditions,
785 3205 879 3278 legem
893 3205 930 3262 ad
946 3181 1030 3262 asc
1084 3207 1136 3262 Cui
1150 3222 1216 3263 curn
1231 3209 1274 3262 tot
1289 3219 1457 3262 successere
1473 3202 1559 3272 vices,
1569 3201 1722 3276 multiplex
1734 3202 1799 3276 ejus
1809 3218 1876 3262 esse

169 3313 290 3354 sensum
315 3297 455 3354 Patribus
471 3296 670 3371 praestandum
686 3293 778 3368 ponit,
795 3298 829 3351 ut
852 3293 995 3367 quidquid
1051 3296 1138 3352 dehet
1161 3294 1327 3360 estimatio,
1353 3291 1470 3366 aliaque
1484 3291 1580 3348 evadit
1606 3295 1693 3364 prout
1707 3290 1797 3347 aliam
1812 3291 1876 3364 ipse

169 3385 996 3456 nonunamautduostontum,sedomnespariteruno
1049 3389 1203 3442 tantuma
1232 3401 1264 3440 ee
1293 3383 1426 3439 diversus
1454 3381 1552 3439 induit
1566 3397 1734 3454 personam.
1754 3382 1794 3437 Αο
1808 3383 1876 3438 ante

169 3474 331 3547 eodemque
347 3492 492 3534 consensu
521 3479 631 3548 aperte,
657 3473 833 3546 frequenter,
862 3488 996 3545 perseva·
1049 3475 1149 3533 omnia
1163 3473 1194 3530 in
1212 3490 1256 3542 eo,
1273 3471 1350 3528 haud
1368 3487 1453 3528 secus
1464 3488 1498 3527 ac
1513 3471 1542 3527 in
1558 3471 1671 3527 crateris
1686 3469 1818 3526 Ecclesia
1829 3471 1878 3526 do·

168 3565 426 3632 rantertsnuisso,
450 3563 616 3639 scripsisse,
649 3562 784 3622 docuisse
813 3563 994 3636 cognoveris,
1049 3564 1190 3631 cleribus,
1208 3559 1381 3620 nonnullius
1404 3559 1551 3633 estpratii
1567 3559 1875 3632 eruditionemprola·

168 3653 198 3709 id
214 3652 268 3712 tibi
284 3669 400 3726 quoque
429 3651 577 3728 intelligas
606 3652 715 3725 absque
737 3651 799 3709 ulla
813 3652 996 3710 dubitatione
1048 3669 1118 3711 nam
1142 3668 1259 3709 asacra
1285 3649 1471 3724 supellectili,
1487 3648 1661 3722 scriptorem
1676 3649 1823 3722 privatum
1838 3646 1875 3704 ab

170 3745 362 3802 credendum.
836 3739 840 3747 '
1047 3745 1166 3799 auctore
1186 3738 1335 3798 catholieo
1350 3737 1394 3795 vel
1419 3737 1609 3806 Montanista,
1625 3753 1687 3794 ram
1702 3752 1782 3794 mers
1795 3735 1874 3793 litte·

202 3835 338 3892 Patribus
353 3851 419 3892 vero
442 3833 596 3908 sigillatim
612 3832 741 3906 sumptis
757 3831 839 3890 nulla
849 3831 993 3891 alianum·
1047 3832 1155 3888 rariam
1170 3832 1222 3888 aut
1244 3826 1416 3886 historicam
1443 3844 1460 3885 a
1488 3841 1578 3883 eausa
1592 3825 1761 3900 dogmatica
1775 3841 1872 3882 sener-

165 3925 240 3999 pstlt
254 3924 425 3994 auotoritas,
443 3923 501 3980 nisi
514 3924 638 3996 privata,
647 3939 682 3980 ex
694 3923 782 3980 variis
793 3922 994 3995 dignoscenda
1046 3936 1128 3978 nere.

163 4011 990 4086 indiciis,quorumaliaunicuiquesuntquasiprcpria,
1078 4006 1203 4080 Atquid
1229 4021 1325 4062 eausa
1354 4007 1433 4062 esset
1460 4020 1513 4061 cur
1540 4004 1571 4059 in
1601 4002 1655 4060 hoo
1675 4002 1772 4075 operis
1791 4017 1873 4060 mers

163 4099 222 4158 alia
235 4115 303 4158 vero
318 4101 426 4158 datoris
441 4101 609 4175 desumpta.
1042 4096 1186 4170 patrlstici
1201 4093 1340 4168 prooemio
1356 4110 1391 4151 ac
1405 4093 1500 4167 primo
1516 4091 1616 4149 limine
1627 4092 1678 4148 diu
1692 4091 1723 4148 in
1739 4090 1874 4163 Septimii

198 4193 230 4246 ln
247 4189 283 4248 iis
298 4195 396 4249 antam
411 4191 486 4264 ipsis
501 4189 988 4262 considerandasuntsivequead
1039 4187 1162 4259 protana
1188 4184 1276 4242 laude
1302 4183 1456 4240 morarer?
1480 4181 1582 4240 Paucis
1608 4181 1698 4255 igitur
1721 4180 1872 4238 absolvam

161 4277 345 4337 intellectum
360 4285 437 4338 reete
459 4279 640 4346 institutum,
665 4278 726 4336 eive
750 4295 814 4351 qua
832 4279 988 4336 adsunam
1039 4274 1136 4348 qualis
1165 4273 1205 4330 sit
1227 4272 1336 4344 rhetor,
1368 4270 1591 4346 grammaticus,
1617 4269 1800 4340 dialecticus,
1818 4285 1871 4327 ssu

162 4367 344 4426 voluntatem
357 4369 521 4442 pertinent;
532 4367 601 4424 binc
612 4367 754 4424 nimirum
766 4383 866 4424 eorum
877 4367 986 4440 ingenii
1039 4365 1139 4421 torma
1155 4362 1288 4420 excultor
1296 4361 1455 4430 litteraria,
1466 4361 1597 4434 qualisve
1612 4361 1653 4418 sit
1666 4358 1873 4441 philosophus,

161 4457 217 4524 vis,
229 4458 430 4515 doctrinarum
447 4458 576 4524 ubertas,
592 4456 729 4529 loquendi
745 4457 898 4514 medusae
914 4473 986 4515 con·
1039 4453 1219 4530 philologus,
1250 4451 1461 4525 antiquitatum
1487 4450 1655 4522 indagator,
1679 4448 1870 4506 historiarum

162 4548 298 4615 suetudo,
317 4547 395 4603 unde
408 4551 473 4604 tuto
500 4546 581 4604 credi
607 4549 702 4618 potest
729 4546 806 4618 quod
834 4562 894 4602 non
914 4547 991 4604 daei·
1005 4557 1028 4624 Ι)
1042 4550 1140 4613 tenax,
1153 4543 1231 4616 juris
1245 4541 1369 4616 peritus,
1380 4539 1462 4597 omni
1475 4539 1666 4596 scientiarum
1677 4553 1873 4610 genersexsr·

119 4665 128 4672 -
161 4636 299 4708 piantur;
325 4636 406 4693 illinc
434 4641 532 4694 autem
562 4651 679 4692 morum
705 4634 846 4708 probitas,
867 4635 990 4709 vitaque
1046 4632 1251 4692 citatissimae.

162 4725 315 4797 sanctitas,
331 4743 388 4797 qua
402 4724 498 4782 omnis
528 4723 686 4799 depellitur
710 4723 840 4797 suspioio
859 4739 896 4780 an
912 4724 990 4782 deci·
1081 4723 1168 4784 Porro
1179 4722 1250 4794 quid
1261 4721 1297 4778 de
1312 4719 1406 4793 ipsius
1421 4718 1548 4784 dicendi,
1566 4715 1731 4774 disserendi
1741 4719 1771 4772 et
1784 4731 1871 4789 argu-

163 4813 246 4886 piant
259 4819 312 4870 aut
326 4814 461 4888 decipere
477 4813 576 4870 velint.
1044 4811 1196 4870 mentandi
1211 4826 1316 4879 genere
1331 4807 1519 4865 sentiendum
1529 4805 1580 4875 sit,
1591 4805 1679 4877 paulo
1690 4805 1767 4861 intra
1778 4805 1870 4862 babes

195 4904 238 4960 Ad
254 4903 316 4960 hae
331 4904 416 4977 quasi
432 4903 592 4960 intrinseca
606 4902 791 4960 auctoritatis
806 4903 892 4976 signa
906 4919 989 4962 acce·
1044 4900 1192 4974 eleganter
1207 4903 1234 4956 at
1256 4899 1366 4956 diserte
1382 4915 1399 4954 a
1419 4896 1540 4954 doctiss.
1557 4900 1588 4951 l).
1608 4896 1732 4967 lumper
1744 4892 1869 4967 expliea-

161 4993 307 5049 dunttum
319 4993 442 5050 diversas
453 4997 628 5066 temporum,
644 4990 785 5062 locorum,
797 4991 987 5064 dignitatum,
1043 4995 1106 5047 tum
1121 4990 1172 5064 (7).
1190 4991 1286 5046 Pauca
1300 4991 1416 5044 tantum
1437 4986 1545 5042 addere
1564 4983 1656 5056 iuvat,
1673 5000 1710 5041 ne
1724 4980 1869 5040 delicatis·

158 5085 329 5154 ceterasque
343 5081 374 5138 in
391 5081 500 5154 quibua
514 5087 650 5138 auctores
663 5081 846 5155 scripserunt
859 5082 988 5140 circum·
1044 5080 1139 5138 simus
1155 5078 1245 5136 lector
1261 5075 1455 5150 sepelitionis
1471 5076 1607 5130 minerva
1623 5071 1782 5130 studiosior
1796 5069 1872 5128 sale·

158 5167 286 5238 stantia,
303 5169 988 5243 tumpnlissimumtantipretiijudiciumquo
1043 5167 1105 5225 bris
1130 5164 1318 5224 Tertullinus
1347 5163 1503 5221 latinitatis
1532 5161 1663 5218 offendat
1691 5164 1721 5217 et
1749 5160 1870 5218 haereat.

159 5257 289 5316 Ecclesia
305 5259 464 5332 scriptores
493 5260 637 5332 quosdam
666 5259 753 5315 titulo
777 5259 987 5317 taeitovelso·
1042 5257 1159 5314 Primus
1174 5255 1232 5313 tere
1248 5255 1381 5312 omnium
1406 5251 1605 5310 Tertullianus
1624 5249 1764 5322 dogmata
1777 5249 1870 5306 tradi·

157 5345 390 5422 lemni,speciali
401 5347 445 5406 vel
456 5347 987 5422 specialissimoprohatetdijudicat.
1041 5351 1126 5404 turus
1142 5361 1175 5402 aa
1190 5345 1329 5418 mysteria
1341 5342 1496 5414 hucusque
1516 5337 1585 5394 latio
1602 5339 1732 5396 sermoni
1747 5352 1867 5411 prorsus

192 5437 234 5496 Ns
248 5453 315 5496 varo
330 5443 521 5498 amoveantur
549 5443 600 5497 aut
624 5442 805 5512 respuantur
827 5439 986 5515 scriptores
1040 5435 1153 5512 ignota,
1168 5434 1290 5508 proinde
1301 5449 1390 5491 novas
1410 5429 1560 5487 intrudere
1574 5427 1718 5488 termulae
1733 5445 1766 5486 aa
1779 5427 1865 5484 insu·

195 5583 222 5654 (l
250 5583 338 5640 llebr.
355 5599 375 5652 r,
392 5584 419 5640 ³.
1074 5582 1104 5726 ph
1129 5579 1262 5636 Vincent.
1278 5575 1368 5633 Lirin.
1386 5572 1552 5631 demarcuit.
1568 5573 1607 5645 Il,
1622 5573 1668 5630 20.

196 5655 224 5728 (5
246 5654 306 5714 Col.
323 5672 356 5727 11,
371 5656 398 5712 3.
1085 5655 1102 5708 7
1129 5651 1194 5710 Vid.
1207 5650 1289 5722 inlr,
1304 5663 1370 5724 pag.
1387 5647 1483 5704 89-96.

1694 5955 1824 6148 tra
