4102 6178
215 337 276 404 960
477 342 743 406 recreantem
765 342 929 407 ernnust
951 343 1053 404 Pane
1075 340 1302 404 1.-selt1as
1324 342 1349 416 1,
1372 341 1654 405 naonoeurlcs.
1846 345 1898 406 060

218 471 442 548 adjurabantur.
457 477 495 533 66
516 475 589 534 66666
616 477 739 534 lortasso
767 495 826 535 666
856 478 1041 534 animadvar·
1056 482 1085 546 Α
1101 477 1212 550 posuit:
1232 499 1243 528 ι
1261 477 1400 534 Percussa
1415 478 1557 550 quosdam
1573 476 1700 550 angelos,
1716 475 1817 549 inquit,
1832 481 1857 534 at
1871 477 1898 534 in

218 563 361 622 tarentin
386 567 467 622 tastu
495 564 667 622 Tertulliani
697 567 785 640 paulo
814 571 880 641 poet
899 566 1041 638 scriptum
1097 566 1387 641 huJ'usmundiima
1410 567 1556 631 detrusos.
1579 565 1629 639 qui
1654 565 1698 622 eis
1718 565 1794 622 valet
1814 583 1900 624 carcar
2005 587 2006 628 l

219 653 518 726 dereprasentets'eue,
538 656 616 729 quod
642 655 720 714 idam
746 661 801 728 ast,
824 673 856 713 no
878 672 1042 714 commemo·

219 745 337 810 ratione,
368 744 443 815 ienis
472 744 551 800 iilius
581 745 688 816 666666,
708 761 767 818 quo
795 745 936 818 puniendi
974 749 1044 802 sunt

220 832 379 890 damonae.
391 831 507 890 Vidaais
522 833 681 891 Eusebium
697 834 759 891 baa
773 834 804 890 in
833 851 888 892 666
912 836 948 891 66
970 834 1044 892 Gon-

220 922 345 980 stantini
360 921 457 996 Magni
469 922 606 980 laudibus
620 924 750 980 oratione
760 923 1045 994 enarrantemalioe·

154 1040 159 1052 ι
223 1010 497 1084 qnasncbisalibi
522 1011 627 1069 citatos
650 1012 767 1085 [Eusab.
796 1016 879 1073 Orat.
909 1013 942 1070 ds
971 1015 1043 1071 (lcu-

221 1105 297 1158 stont
317 1103 407 1171 66666.
425 1099 502 1158 laud.
518 1117 582 1176 cap.
600 1103 644 1174 66,
659 1118 727 1176 pag.
742 1103 806 1173 658,
828 1107 858 1160 et
881 1119 963 1176 seqq.
989 1102 1043 1160 loc.

223 1190 292 1250 lnlr.
309 1191 384 1263 cit).

257 1301 345 1355 Recte
364 1314 433 1372 erge
463 1298 531 1356 inde
559 1298 710 1356 concludit
734 1298 953 1358 Tertullianus:
983 1305 1046 1358 Da-

224 1403 328 1446 mones
344 1410 358 1439 e
374 1386 526 1445 Christum
540 1387 679 1444 timentes
694 1387 723 1444 66
747 1389 816 1458 Deo,
844 1393 873 1445 et
901 1390 991 1446 Deum
1016 1389 1046 1446 in

224 1476 350 1548 Christo,
371 1476 573 1550 subjiciuntur
587 1477 679 1534 servis
693 1477 740 1534 066
762 1481 790 1536 66
804 1477 912 1535 Christi
928 1501 943 1530 6
964 1478 1047 1550 (Tar-

224 1565 290 1624 tull.
305 1567 446 1640 Apolepet.
462 1582 525 1639 cap.
542 1567 587 1635 23,
605 1583 670 1640 pag.
687 1567 761 1640 660).
777 1567 831 1624 Sed
842 1569 988 1640 quomodo
999 1585 1049 1626 eos

225 1655 396 1714 timebant?
410 1659 440 1712 ut
453 1672 583 1730 aequem,
596 1655 701 1730 inquit,
719 1658 793 1714 6666
802 1661 876 1714 metu
890 1657 971 1730 (loiri.
984 1674 1048 1730 cap.

225 1746 354 1818 sepsg.
385 1743 469 1815 332),
503 1744 753 1817 quemadmodum
779 1745 810 1802 in
839 1745 1049 1819 manuscriptis

227 1834 337 1892 nostris
351 1834 501 1892 codicibus
527 1834 664 1908 legimus.
694 1834 797 1892 Servili
826 1835 918 1910 igitur
945 1836 1050 1892 timere

228 1923 1050 1997 curiatumcJusqaeuiscipulosnoeaoeane«uteorum,

231 2011 327 2085 pergit
338 2009 400 2081 ille,
414 2011 504 2069 timer
518 2012 621 2086 spirat,
638 2034 652 2064 e
673 2012 745 2086 slva,
760 2019 793 2070 ut
818 2015 859 2072 ait
881 2015 1049 2073 Minucius:

230 2099 369 2158 «Odium
399 2100 491 2157 nostri
519 2105 623 2158 serunt
651 2101 764 2159 occulta
793 2119 844 2176 par
870 2105 1006 2162 timorem
1035 2125 1050 2155 u

229 2189 349 2264 (illunc.
378 2189 475 2247 Oetae.
507 2206 571 2262 pag.
602 2191 676 2260 255).
708 2195 857 2250 [temones
884 2194 985 2267 itaque
1022 2198 1052 2252 at

228 2278 355 2352 subjecti
370 2284 452 2336 erent
466 2278 653 2350 Christianis,
669 2284 699 2338 et
713 2297 763 2339 eos
778 2282 866 2339 etiam
894 2283 1050 2351 timebant,

227 2372 316 2442 etque
330 2366 437 2426 idcirco
453 2368 585 2426 oderant.
601 2369 708 2436 Quidni
733 2370 894 2428 timerent?
919 2374 1049 2446 quando-

226 2458 347 2532 quidem
363 2458 399 2515 ab
416 2456 477 2515 illis
490 2456 676 2529 subiguntur.
692 2459 733 2516 ait
748 2461 845 2518 adbuc
874 2472 975 2520 auctor
999 2479 1051 2520 no·

227 2550 297 2618 star,
313 2569 328 2599 e
345 2550 374 2602 at
393 2547 554 2605 conditioni
582 2565 643 2604 sua
667 2549 885 2622 succidaneos
913 2567 987 2625 quoe
1015 2553 1051 2608 de

227 2634 389 2710 longinque
418 2642 591 2711 oppugnant
629 2638 665 2696 da
691 2640 823 2711 proximo
867 2641 1050 2698 obsecrant»

229 2724 351 2784 Tertull.
380 2726 449 2783 ibid.
480 2743 543 2800 cap.
572 2728 620 2797 27,
649 2728 704 2786 ool.
734 2729 808 2802 632).
837 2731 922 2804 Atqui
947 2733 973 2788 si
1001 2748 1051 2790 ces

229 2814 523 2887 obsecrant,timant,
552 2817 688 2884 oderunt,
717 2816 814 2890 iisqne
841 2817 1050 2892 eubJ'iciuntur,

229 2919 298 2976 erge
312 2903 348 2961 ab
364 2903 425 2962 illis
439 2905 578 2977 adjurati,
591 2921 649 2962 neu
667 2907 886 2965 mentiebantur
909 2909 1050 2982 prolecto,

230 2992 282 3050 sad
311 2996 374 3050 tum
403 3009 480 3066 vare,
509 2993 586 3050 sicut
610 2995 674 3067 jam
711 2995 849 3065 diximus,
884 2997 1052 3055 latabantur

230 3097 262 3140 ae
277 3097 452 3139 reversasse
480 3082 636 3150 damonae,
660 3086 689 3141 et
713 3085 884 3158 neutiquam
909 3086 989 3159 dece,
1018 3103 1051 3144 ac

227 3186 321 3228 unum
335 3172 478 3228 duntaxat
491 3187 557 3229 assa
571 3172 675 3229 Deum.
701 3173 773 3230 Tam
800 3191 866 3231 vern
891 3192 976 3248 perro
1001 3175 1052 3232 ills

226 3259 460 3325 confessiorem
484 3259 645 3332 publicum,
675 3262 774 3336 inquit
802 3267 911 3320 Auctor
939 3271 1049 3333 nester,

226 3347 428 3405 testimonium
445 3349 628 3407 Christianos
645 3351 738 3408 lacera
764 3351 888 3426 solebat,
912 3369 946 3410 ao
969 3354 1049 3411 Chri·

227 3437 330 3495 stiana
346 3437 497 3512 religionis
524 3439 656 3496 stabilire
685 3443 713 3496 et
742 3441 917 3498 confirmare
944 3443 1049 3499 varita-

227 3526 477 3595 emilienses
505 3544 570 3601 cap.
600 3529 645 3596 23,
674 3545 740 3602 pag.
769 3529 826 3603 26).
854 3531 909 3587 Sed
939 3532 975 3588 dc
1004 3531 1051 3588 his

227 3615 344 3688 egimus
360 3615 389 3671 iu
406 3615 436 3672 in
451 3617 654 3688 superioribus
669 3618 778 3676 nostris
793 3619 1051 3678 dissertationibus

228 3703 370 3761 eureus.
387 3705 535 3762 inclinus.
551 3721 615 3780 cap.
635 3707 680 3775 20,
696 3712 751 3764 art.
768 3708 795 3779 3,
811 3709 841 3764 ia
856 3710 955 3766 Areon.
987 3727 1049 3783 cap.

229 3792 258 3864 3,
273 3796 328 3848 ari.
344 3810 365 3866 r,
381 3794 410 3850 iu
425 3795 552 3851 lactent.
569 3810 633 3869 666.
648 3795 676 3864 9,
694 3801 748 3856 art.
764 3797 791 3867 2,
804 3813 868 3870 666.
884 3798 929 3866 66,
952 3803 1009 3859 art.
1030 3816 1050 3872 1,

230 3897 283 3956 cap
311 3883 357 3956 20,
373 3887 430 3940 art.
445 3884 472 3956 7,
487 3900 551 3957 666.
566 3883 611 3954 33,
628 3889 683 3944 art.
700 3888 741 3960 6).

264 3993 301 4048 nt
315 4008 370 4048 nos
380 3993 444 4064 jam
459 3992 496 4050 66
510 3993 567 4050 6666
583 3993 669 4051 solito
685 3995 966 4068 merelexplanande
984 4013 1051 4070 pro·

227 4085 365 4154 perantes
381 4081 489 4156 aliquis
518 4083 641 4140 forsitan
668 4085 839 4158 retardabit,
863 4090 891 4143 et
920 4103 937 4143 a
965 4088 1051 4144 nobis

226 4169 429 4228 sciscitabitur
442 4188 495 4228 cur
516 4174 624 4229 Auctor
643 4177 742 4230 nestor
765 4175 882 4243 dixerit,
907 4197 922 4226 a
939 4175 1050 4232 Damo-

226 4274 280 4316 nas
294 4261 331 4317 cb
348 4259 490 4318 malitiam
516 4260 773 4333 pradamnstos‚u
795 4267 824 4319 at
847 4268 949 4336 poetas
970 4264 1050 4336 adja-

226 4346 309 4416 oarit,
326 4370 340 4400 e
356 4348 517 4423 Desperats
531 4349 661 4407 conditio
689 4365 789 4408 eornm
815 4367 850 4408 ex
868 4351 1049 4425 predamna-

225 4433 306 4492 tiene
315 4434 454 4495 solatium
468 4443 584 4510 reputat
593 4438 721 4495 fruenda
732 4439 850 4496 interim
857 4438 1049 4513 malignitatis

1097 661 1152 725 est,
1165 657 1261 728 iisqne
1276 656 1313 712 66
1329 657 1459 712 luteram
1475 655 1505 711 in
1522 655 1569 712 666
1579 654 1682 728 judicii
1694 653 1822 712 ultimam
1833 655 1902 711 dam-

1099 745 1247 802 nationem
1270 745 1421 817 apostolus
1446 749 1550 802 Petrus
1573 744 1757 817 apertissima
1778 745 1901 815 ostendit,

1098 834 1199 893 dicans
1215 835 1293 906 quod
1305 834 1382 891 0666
1398 832 1511 907 angelis
1529 832 1730 906 peccatoribus
1745 849 1798 888 non
1814 847 1903 905 pepar-

1099 923 1182 988 oerit,
1198 923 1249 980 sad
1279 922 1446 979 carceribus
1466 921 1601 996 caliginis
1622 921 1728 978 interni
1755 921 1903 992 retrudens,
2005 921 2006 962 t

1099 1011 1255 1068 tradiderit
1269 1010 1423 1084 injudicio
1440 1011 1605 1084 puniendos
1616 1009 1766 1067 reservari.
1779 1031 1792 1060 u
1807 1009 1843 1082 (S.
1857 1012 1904 1065 66·
2005 1009 2006 1028 ’

1099 1103 1179 1174 guet.
1190 1099 1242 1156 lib.
1258 1118 1287 1172 x,
1302 1102 1340 1156 lle
1357 1101 1432 1156 66666.
1455 1117 1519 1172 cap.
1545 1099 1589 1171 33,
1615 1115 1681 1173 pag.
1706 1099 1775 1168 2933
1803 1101 1903 1165 Petrus,

1099 1192 1185 1266 epist.
1202 1192 1240 1260 ΙΙ,
1255 1207 1321 1264 cap.
1340 1193 1368 1258 2,
1385 1191 1413 1261 i,
1428 1189 1466 1263 6).
1484 1192 1516 1245 tt
1530 1189 1591 1245 haec
1606 1187 1758 1246 lolarnalis
1775 1185 1904 1268 caliginis,
2005 1235 2006 1246 .

1100 1280 1235 1355 ignisque
1252 1281 1391 1336 reservati
1419 1295 1502 1336 mora
1530 1295 1563 1334 66
1592 1277 1694 1334 dilatio
1721 1276 1906 1350 qualecunque

1100 1369 1176 1444 ipsis
1190 1372 1254 1426 arat
1268 1367 1527 1442 praedamnationis
1542 1384 1575 1423 66
1590 1365 1767 1423 conditionis
1781 1366 1905 1438 despera·

1101 1463 1136 1516 tae
1160 1457 1309 1516 solatium.
1336 1462 1394 1514 666
1423 1457 1570 1514 enimvero
1598 1455 1771 1512 fruebantur
1799 1454 1904 1510 interim

1102 1549 1297 1622 malignitate,
1313 1564 1371 1620 quo
1383 1545 1564 1603 Christianos
1580 1546 1614 1602 66
1631 1546 1690 1615 666,
1706 1545 1766 1601 sire
1781 1542 1906 1600 salsorum

1102 1638 1236 1708 deorum,
1251 1631 1364 1693 o'ultum
1381 1635 1425 1692 val
1440 1635 1628 1706 inducebant,
1643 1633 1689 1692 vel
1704 1632 1863 1690 6606666666
1879 1637 1906 1688 nt

1103 1730 1261 1784 renuentes
1275 1725 1491 1783 crudelissimis
1506 1725 1544 1781 66
1559 1728 1686 1781 mortam
1702 1739 1795 1796 nequa
1810 1722 1906 1794 suppli-

1103 1815 1158 1873 ciis
1172 1814 1459 1872 axoarniiioarcnlur.
1476 1813 1512 1870 nt
1527 1815 1562 1870 da
1578 1813 1633 1870 hoo
1648 1829 1750 1869 acrum
1766 1809 1861 1869 solatio
1875 1809 1909 1866 66-

1105 1904 1223 1977 latoque
1248 1901 1394 1976 supplicio
1416 1901 1487 1958 alibi
1510 1902 1727 1974 disputavimus
1752 1901 1864 1972 (Discat.
1884 1898 1907 1953 ie

1104 1996 1227 2052 6666666.
1243 2009 1308 2065 cap.
1319 1993 1365 2064 20,
1378 1994 1435 2048 art.
1454 1993 1492 2064 5).

1424 2134 1540 2192 esrur
1553 2134 1609 2208 66.

1105 2226 1144 2283 lte
1156 2229 1329 2282 aeduorum
1343 2223 1486 2280 bominum
1495 2221 1814 2284 decimumoctavum
1832 2223 1910 2298 estre·

1141 2312 1184 2352 mo
1199 2298 1250 2353 liei
1256 2295 1491 2367 judicieoeteruis
1501 2295 1654 2366 impiorum
1661 2289 1908 2370 panieeopramirt

1135 2369 1288 2441 justorum,
1304 2372 1387 2440 etque
1414 2369 1575 2424 animarum
1600 2375 1663 2424 ecte
1694 2367 1822 2421 ultimum
1842 2359 1908 2432 6666·

1140 2443 1215 2498 cium
1229 2439 1418 2512 receptaculis.

1366 2598 1528 2639 ARTlCULUS
1548 2597 1671 2638 smnus.

1106 2679 1909 2755 QuibusargumentisTertullianusprobeusritcmotssmer-

1140 2761 1201 2813 tues
1215 2755 1339 2812 nomines
1353 2767 1430 2823 posse
1446 2752 1481 2809 ed
1510 2753 1599 2808 uitem
1624 2751 1759 2816 reuereri,
1780 2763 1810 2802 ee
1831 2757 1909 2800 ruere

1142 2825 1440 2886 teneraetenerae
1468 2825 1570 2880 areima
1593 2823 1753 2894 corporibus
1774 2820 1864 2885 ceute,
1886 2817 1908 2870 et

1139 2902 1200 2955 sine
1209 2899 1322 2955 illorum
1335 2896 1492 2953 ministerio
1504 2896 1610 2969 possiet
1623 2893 1731 2969 aliquid
1745 2906 1831 2962 opera,
1843 2887 1902 2961 peti,
2003 2907 2004 2944 r

1140 2988 1172 3028 ec
1186 2971 1288 3036 dolere,
1304 2975 1331 3025 et
1346 2969 1446 3024 latori.

1140 3106 1183 3162 Ad
1197 3104 1255 3162 alia
1270 3119 1348 3160 nuno
1359 3101 1573 3159 transeundum
1584 3102 1630 3156 ast
1639 3097 1805 3156 christiana
1812 3090 1908 3164 religie-

1105 3194 1152 3252 nis
1167 3195 1315 3267 dogmata,
1332 3207 1396 3262 qua
1410 3188 1611 3247 Tertullianus
1622 3189 1688 3244 suis
1699 3187 1728 3244 in
1738 3183 1910 3242 libriecontra
2003 3199 2004 3202 ¹

1106 3283 1237 3341 ethnicos
1253 3281 1359 3339 asserit
1372 3297 1407 3336 ao
1423 3284 1532 3336 tuctur.
1550 3277 1646 3334 Unum
1662 3281 1763 3334 autem
1777 3290 1809 3331 ex
1821 3270 1854 3326 666
1867 3283 1909 3323 ne·

1104 3361 1909 3445 atraqueanimadversionadlgnumasi,quodoenstsnber

1103 3460 1354 3533 tradit,variieqee
1369 3459 1517 3515 rationum
1533 3457 1696 3514 momentis
1711 3453 1810 3528 probat
1822 3461 1908 3507 emuae

1105 3552 1223 3610 omnino
1239 3554 1371 3607 mertuos
1386 3547 1522 3604 homines
1538 3550 1567 3604 in
1582 3547 1640 3603 066
1656 3545 1761 3604 mundi
1777 3542 1810 3599 66
1832 3539 1906 3594 vitam

1105 3640 1293 3699 revocandos.
1310 3639 1387 3696 802
1402 3637 1534 3693 Primum
1550 3640 1647 3692 666666
1679 3631 1805 3692 desumit
1825 3645 1855 3686 ex
1874 3625 1908 3680 in·

1106 3730 1189 3786 linita
1203 3727 1409 3803 potentiensi:
1424 3725 1501 3791 6066
1516 3728 1645 3790 tanturn,
1656 3721 1906 3796 inquit,bocn1un·

1105 3819 1135 3875 di
1150 3833 1257 3891 corpus
1270 3817 1361 3886 6666,
1373 3814 1520 3886 quodnon
1532 3813 1629 3870 lueret
1649 3811 1693 3886 [id
1704 3815 1800 3878 estex
1813 3799 1906 3872 666666),

1105 3903 1270 3978 composuit
1283 3925 1297 3956 e
1315 3901 1447 3976 (Tertull.
1462 3901 1605 3975 Apeiepat.
1621 3917 1687 3972 666.
1705 3899 1749 3968 68,
1771 3895 1822 3954 ool.
1846 3887 1928 3959 520),-

1105 3994 1165 4050 sive
1193 3997 1225 4049 ut
1252 3991 1346 4049 nostri
1373 3995 1402 4048 ct
1429 3994 1496 4048 anta
1525 3988 1690 4063 Rigaltium
1719 3985 1787 4044 aditi
1813 3978 1908 4039 6666666

1105 4084 1223 4149 habant,
1239 4083 1381 4154 imposuit,
1397 4094 1450 4137 eeu
1465 4079 1585 4147 creavit,
1602 4078 1628 4134 is
1644 4084 1724 4135 certo
1746 4075 1806 4148 ipse
1831 4065 1908 4142 petest

1105 4172 1239 4230 heminas
1253 4171 1287 4227 de
1300 4178 1388 4228 osorte
1401 4169 1552 4226 erectionis
1567 4177 1593 4225 et
1609 4169 1766 4232 inanitatis,
1795 4162 1844 4218 boo
1863 4157 1907 4217 cet.

1105 4261 1142 4318 ab
1158 4268 1261 4326 morta,
1278 4259 1339 4315 sive
1354 4257 1507 4328 inanitate,
1523 4273 1556 4314 ao
1571 4256 1734 4330 privatione
1748 4253 1809 4310 vita
1823 4245 1855 4303 66
1870 4257 1906 4298 se·

1104 4351 1231 4408 cundem
1248 4348 1485 4406 vitemexcitare.
1496 4345 1610 4403 Nasabi
1623 4331 1907 4403 unamtantumnedo

1103 4426 1907 4510 alliciuntpartemmundi‚quemconstatceseanimstum

226 4521 264 4578 ds
278 4539 370 4594 prena
386 4541 469 4583 mers
482 4547 496 4578 u
509 4526 641 4598 (Tertull.
652 4527 788 4599 lpoioect.
801 4545 865 4602 cap.
876 4529 923 4596 22,
940 4547 967 4601 p.
980 4529 1047 4597 606;
1103 4530 1205 4600 spiritu
1219 4528 1343 4584 ornatum
1357 4525 1521 4586 animatore.
1539 4525 1572 4580 lit
1587 4523 1630 4580 ita
1644 4523 1765 4596 quidam
1772 4511 1905 4589 Rigaltlue

190 4677 191 4681 ¹
228 4607 300 4665 ibid.
317 4627 342 4666 c.
355 4612 401 4681 27,
418 4629 446 4685 p.
461 4612 534 4685 632).
552 4619 691 4681 Quanam
706 4621 762 4682 666,
777 4616 892 4689 inquiet
907 4616 965 4682 ille,
990 4617 1050 4673 bac
1065 4586 1089 4650 D
1104 4621 1134 4673 at
1150 4617 1200 4673 alii
1216 4615 1355 4686 deinceps
1368 4611 1447 4669 huno
1462 4611 1601 4668 exhibent
1616 4608 1786 4668 Tertulliani
1800 4605 1904 4661 textum.

228 4695 395 4755 damonum
411 4701 622 4773 predamnatis
637 4707 667 4759 et
681 4719 771 4775 poena
788 4722 880 4776 mora,
899 4721 932 4761 ao
956 4705 1048 4777 quod·
1104 4707 1209 4764 Malius
1224 4722 1289 4762 vere
1305 4701 1400 4760 nostri
1413 4701 1655 4774 antiquioresque
1678 4697 1775 4758 excusi
1797 4690 1905 4754 cedices,

228 4787 442 4844 ”umffflffldffl
468 4789 661 4862 malignum,
685 4791 844 4850 solatium?
872 4793 945 4850 Nem
969 4793 1048 4850 idem
1103 4798 1262 4852 auimatum
1290 4793 1393 4865 spiritu
1417 4793 1542 4847 omnium
1576 4790 1735 4846 animorum
1761 4785 1904 4842 minuere·

227 4873 291 4946 ipse
304 4875 506 4936 Tertullianus
522 4880 691 4939 nenminue
705 4884 869 4958 perspicua,
880 4883 924 4940 uti
935 4883 1049 4940 monui·
1103 4886 1202 4943 Nostri
1218 4883 1365 4958 siqnidem
1379 4880 1513 4938 lluotoris
1529 4878 1745 4954 argumentatio
1773 4869 1904 4931 duciters

227 4979 305 5037 mus,
318 4965 431 5025 dixerat
441 4985 476 5024 cx
490 4969 582 5026 saeris
596 4970 756 5042 scripturis
771 4973 866 5048 colligi
883 4974 1048 5029 damonum
1104 4975 1219 5049 mojori,
1232 4972 1364 5042 utaiunt,
1374 4970 1409 5027 ad
1422 4969 1531 5040 minna,
1543 4969 1603 5027 eiua
1615 4987 1632 5026 6
1644 4973 1715 5035 6666,
1724 4963 1798 5040 quod
1807 4959 1901 5017 lactum

225 5058 342 5124 gentem
353 5058 475 5115 cumani
486 5057 602 5131 generis
613 5061 830 5132 auctoribus,oo
842 5063 973 5136 principe
984 5078 1049 5118 csse
1103 5065 1167 5134 luit,
1185 5067 1220 5121 ad
1237 5069 1348 5138 partem
1364 5077 1427 5134 qua
1452 5061 1514 5116 ssari
1540 5059 1650 5117 idcirce
1673 5046 1901 5145 petest-Mendes,

224 5156 281 5197 non
292 5143 411 5215 quidem
424 5147 714 5220 predamnntam,sad
726 5151 1046 5208 absolutadsmnatam.
1101 5155 1209 5228 inquit,
1226 5153 1386 5220 animatus,
1412 5149 1472 5204 eive
1501 5155 1619 5205 creatus
1642 5152 1687 5206 aet
1700 5166 1717 5202 a
1732 5142 1780 5202 Del
1800 5137 1902 5228 spiritu,

223 5230 259 5285 At
274 5234 409 5303 quamvis
425 5238 504 5294 carta
519 5236 558 5292 sit
572 5235 738 5294 damonum
756 5239 917 5310 damnatio,
933 5255 992 5294 non
1017 5238 1046 5294 bl
1101 5244 1235 5300 emulum
1249 5241 1416 5298 animarum
1428 5237 1607 5301 animatore:
1622 5253 1691 5310 ergo
1708 5235 1782 5290 idam
1793 5229 1849 5302 ipsa
1860 5221 1902 5276 ue

223 5321 323 5376 tamen
335 5321 449 5383 debitas
465 5341 568 5383 omnes
582 5322 742 5384 sceleribus
758 5330 821 5386 suis
835 5345 938 5402 peenas
949 5328 1045 5384 luunt.
1102 5331 1224 5405 spiritus
1239 5332 1333 5402 potest
1348 5326 1483 5384 homines
1499 5341 1559 5382 non
1572 5326 1714 5394 omnium,
1730 5319 1779 5379 sed
1793 5314 1903 5374 seoitss·

223 5407 337 5469 illenim
353 5413 383 5470 in
412 5415 487 5489 ipsis
515 5417 604 5474 etiam
634 5416 725 5474 666666
750 5419 908 5492 scripturis
932 5418 1046 5475 Christe
1101 5424 1175 5490 turn,
1192 5419 1297 5493 spiritu
1319 5417 1464 5474 animatos
1481 5418 1660 5485 postrorum
1675 5405 1901 5469 mortemiurum

226 5499 347 5558 llomino
372 5506 565 5576 exprobrasse
590 5507 747 5564 dicuntur:
772 5508 873 5564 Venisti
901 5507 953 5563 iun
984 5511 1047 5563 ecte
1101 5509 1243 5578 animare,
1260 5513 1402 5563 atrnreus
1417 5519 1474 5559 non
1491 5519 1526 5558 ex
1540 5501 1642 5574 nihilo,
1659 5499 1700 5558 nli
1713 5499 1799 5572 prius,
1814 5481 1900 5548 sedat

222 5591 329 5660 Emptis
353 5599 479 5665 torquere
503 5608 552 5651 uos
575 5593 679 5666 (llettlr.
709 5611 772 5667 vrrs,
800 5595 864 5668 29.)
891 5595 945 5651 Sed
985 5594 1046 5651 bae
1100 5597 1231 5663 interitu,
1248 5600 1278 5652 at
1301 5595 1361 5650 vita
1389 5596 1475 5648 antea
1503 5591 1666 5665 deperdita,
1692 5588 1728 5646 ad
1754 5577 1898 5642 secundam

222 5673 408 5748 Augustinus
421 5699 457 5741 ax
471 5685 548 5742 Petri
566 5687 691 5760 apostoli
716 5685 846 5762 66666616
867 5684 975 5744 clarius
996 5701 1045 5742 ax·
1100 5686 1293 5758 eamdemque
1308 5696 1452 5742 resecare.
