4156 6194
225 333 280 396 idi
754 331 1015 396 dissuasorio
1036 332 1088 394 uti
1109 333 1216 398 VERA
1238 337 1381 400 AETATE
1867 345 1928 408 lii

223 465 442 526 commentario
452 465 565 537 scribit,
580 479 710 522 errorem
724 464 756 522 iu
771 479 858 540 quem
872 464 974 539 lapsus
988 467 1044 536 eat,
1058 467 1086 536 A
1102 469 1199 524 Tenem
1231 470 1289 540 iam
1319 470 1368 527 diu
1395 479 1446 543 est,
1472 471 1545 544 quod
1570 489 1634 532 mm
1660 477 1758 547 manni
1783 478 1868 551 (ecia,
1898 486 1927 540 et

224 558 288 630 ejus
308 555 453 612 librorum
481 554 685 612 auctoritatem
714 552 852 625 elevasse,
882 553 932 627 qui
962 559 1046 611 erant
1098 559 1223 631 quamuis
1234 561 1324 632 spinis
1337 564 1374 619 sit
1387 563 1493 620 adsitus
1507 564 1533 619 ei
1546 566 1647 635 tristes,
1661 565 1733 624 mihi
1759 583 1815 625 non
1844 571 1921 629 uide·

224 646 321 720 alique
339 643 552 719 approbatione
577 643 669 718 digni.
701 649 739 701 De
768 660 802 700 eo
830 659 1043 716 nonnunquam
1097 650 1338 721 turinjucundus.
1365 652 1472 726 lnejsss
1500 655 1611 726 scriptis
1635 657 1747 728 niprum
1775 656 1859 732 illud,
1889 661 1923 720 de

221 734 380 792 honorilice
398 733 528 806 loquitur
549 733 757 807 Hieronymus,
773 737 807 790 ut
835 733 865 788 in
895 733 1042 806 catalogo,
1096 745 1235 808 quoactus
1247 742 1420 810 paetacanit,
1444 740 1516 796 mihi
1540 743 1658 798 oemrmt
1680 743 1782 812 lumen,
1811 755 1839 802 ee
1864 747 1924 819 ejus

224 823 274 880 ubi
295 823 350 881 looi
376 838 442 879 eum
471 823 543 879 dicit
572 823 649 880 acris
669 828 697 879 et
723 822 905 880 vehementis
932 822 1043 895 ingenii
1094 829 1922 907 sequemejueatohscuritas,annitentiselenietsahrefacti.

222 915 331 979 virum,
347 912 419 970 etin
435 913 682 985 suaadldapunm
697 911 837 985 Epistola,
856 911 947 970 tradit
974 929 1041 969 eru·
1094 915 1135 970 lta
1150 930 1256 988 semper
1269 918 1353 990 sensi,
1369 926 1400 974 ut
1412 918 1670 994 Africanarum,
1687 921 1751 978 licet
1771 939 1790 978 a
1817 929 1921 983 nostris

222 1002 333 1058 ditione
347 1007 375 1058 et
388 1001 550 1060 subtilitate
565 1019 667 1059 omnes
682 1001 706 1059 ei
730 1007 864 1059 enotares
892 1002 1044 1060 inferiores
1097 1001 1244 1074 alludant,
1260 1011 1351 1064 tannen
1366 1023 1418 1064 sua
1431 1023 1488 1064 non
1505 1013 1600 1065 carent
1629 1012 1811 1081 amabilitate,
1837 1021 1864 1069 et
1892 1023 1924 1072 ut

222 1107 287 1148 esee
299 1107 306 1146 ε
319 1092 369 1146 sed
385 1090 453 1147 alibi
470 1092 652 1162 ejuserrores
669 1091 800 1164 increpat
815 1095 843 1148 et
858 1090 973 1148 vitialn
989 1107 1044 1148 eun
1098 1109 1153 1150 non
1165 1110 1269 1167 paucas
1288 1097 1375 1152 italas
1403 1097 1559 1154 obscuravit
1580 1099 1757 1171 Sophanisle,
1782 1103 1823 1157 sic
1845 1105 1923 1170 elus-

221 1185 321 1238 contra
337 1180 488 1238 Bullinum
505 1178 701 1254 Apologiatll
720 1181 777 1237 ait:
803 1181 871 1251 Ejus
898 1181 1044 1253 ingenium
1097 1181 1160 1239 dem
1176 1186 1295 1257 remonis
1309 1186 1422 1257 inpenia
1444 1203 1508 1244 eum
1529 1203 1581 1244 sua
1606 1195 1702 1246 catera
1726 1190 1837 1262 placent
1863 1194 1923 1250 elo·

220 1271 317 1340 lando,
327 1271 441 1326 hareses
457 1269 574 1325 damno:
588 1275 617 1325 at
632 1269 916 1339 eontrallelvidium,
926 1285 1044 1342 respon·
1097 1276 1221 1346 quentia,
1234 1283 1260 1330 et
1273 1276 1339 1331 haic
1346 1273 1444 1348 plures
1468 1275 1608 1334 Ciceronis
1631 1279 1789 1336 imitatores
1810 1291 1922 1354 postpa-

220 1361 270 1417 dat
284 1360 419 1416 heretico
434 1357 606 1415 Tertulliani
630 1358 834 1416 auctoritatem
864 1359 1041 1432 apponenti:
1097 1379 1173 1418 nam.
1190 1363 1402 1421 delicatissimis
1410 1367 1560 1438 sanamur,
1573 1371 1600 1422 ei
1614 1367 1723 1441 quidem
1736 1369 1840 1442 stylum
1862 1388 1921 1429 esse

221 1451 257 1506 lle
271 1449 443 1506 Tertulliano
467 1448 536 1515 dico,
567 1449 701 1506 Ecclesia
729 1447 866 1506 hominem
893 1464 948 1504 non
976 1465 1041 1506 esse.
1096 1453 1267 1524 ferreumat
1280 1453 1631 1526 natuquopuesateantar,
1647 1473 1684 1512 ee
1698 1455 1834 1530 hocserro
1857 1462 1919 1516 aei·

221 1537 391 1596 Tertulliani
408 1536 516 1612 stylum
534 1536 635 1594 laudat
649 1538 843 1612 Augustinus,
853 1542 881 1593 et
895 1537 961 1610 ejus
975 1537 1042 1593 ubi·
1097 1543 1157 1598 mia
1171 1557 1234 1598 eum
1243 1559 1326 1600 amna
1340 1542 1514 1616 medusa„
1529 1561 1565 1601 ac
1579 1545 1747 1604 Christiana
1771 1548 1919 1620 relipionis

221 1643 279 1700 que
294 1629 416 1685 damnat
429 1643 552 1686 errores.
569 1631 600 1682 ln
616 1625 691 1684 libro
704 1626 737 1683 dc
753 1630 852 1684 Genesi
867 1627 902 1683 od
921 1626 1042 1684 litteram
1096 1645 1158 1684 cnm
1173 1628 1315 1702 honorem,
1342 1636 1401 1688 tum
1428 1633 1617 1690 innocentiam
1638 1651 1835 1708 propupnassc,
1865 1639 1919 1697 l'a·

219 1717 309 1775 tradit
323 1716 538 1774 Tertullianum
555 1715 612 1772 nori
628 1715 745 1790 ingenio
762 1731 976 1788 nonnunquam
993 1731 1042 1773 va·
1098 1719 1265 1776 lentinianos
1279 1722 1667 1796 acriterpersecutumfuisse¹
1696 1731 1723 1781 et
1751 1727 1921 1784 Marcionem

220 1807 342 1863 ritatem
358 1805 553 1880 perspexisse,
570 1806 769 1879 neopotuiase
797 1807 867 1878 quin
896 1823 960 1862 eam
990 1805 1080 1920 ali·B
1094 1810 1205 1881 penitus
1220 1809 1382 1882 confodisse.
1400 1811 1544 1868 Posterior
1559 1817 1603 1869 est
1628 1817 1650 1868 Ρ
1683 1813 1918 1885 Ιαὶιὺναηοὶιίιιε,

221 1895 513 1969 quandovelountrn
530 1898 757 1951 montemsuam
774 1910 904 1967 poneret.
927 1895 1042 1952 Tertul-
1098 1897 1333 1972 Investigatiouie
1359 1899 1492 1956 veritatis
1512 1909 1623 1957 auotor.
1653 1900 1707 1959 lib.
1736 1905 1763 1976 2,
1791 1921 1855 1978 oap.
1884 1907 1920 1964 3:

219 1984 704 2059 liauuiuitaeuispingitooloribua
719 1986 1043 2052 Vincentiuslirinensis,·
1096 1987 1292 2058 Tertullianus,
1305 1987 1412 2061 inquit,
1427 1991 1525 2062 procul
1539 1990 1685 2060 ducianis
1697 1994 1776 2048 omni
1789 1994 1922 2054 doctrina

220 2075 387 2132 Tertulliani
399 2091 516 2148 quoque,
539 2073 646 2148 inquit,
670 2074 765 2131 eadem
793 2084 833 2132 est
862 2077 953 2140 ratio:
976 2093 1043 2132 nam
1096 2077 1424 2151 eccultuserat,atplus
1434 2080 1581 2151 memoria,
1598 2097 1680 2152 quam
1699 2081 1800 2154 judaia
1829 2082 1918 2156 polle-

218 2166 292 2222 sicut
308 2164 361 2220 ille
372 2164 489 2237 (nempe
518 2164 660 2238 Gripenes)
690 2163 765 2237 apud
788 2163 903 2236 Graecos,
931 2166 970 2221 ito
997 2167 1043 2222 hic
1097 2165 1150 2222 hat.
1167 2165 1231 2222 Acri
1244 2169 1332 2239 magis
1346 2172 1371 2223 et
1385 2171 1462 2226 nasto
1481 2169 1605 2244 tagenio,
1621 2183 1706 2242 quam
1719 2172 1781 2226 acri
1795 2175 1821 2226 et
1844 2181 1923 2229 uasta

218 2253 292 2328 apud
317 2255 435 2326 latinos,
464 2258 621 2310 nostrorum
653 2256 780 2311 omnium
808 2254 890 2326 [acite
914 2257 1042 2328 princeps
1095 2263 1197 2312 mente.
1212 2256 1335 2328 lienique
1344 2255 1472 2312 dubitari
1484 2259 1590 2329 nequit,
1603 2258 1673 2331 puin
1686 2261 1827 2331 {aeolicae
1836 2261 1925 2333 suerit

219 2341 384 2416 iudicamus
400 2351 450 2400 est.
468 2342 538 2412 Quid
560 2344 636 2400 enim
652 2344 701 2400 hoc
728 2345 788 2400 uiro
815 2343 950 2402 doctius?
976 2345 1043 2417 quid
1098 2361 1128 2402 eo
1142 2360 1223 2402 sensu
1238 2360 1290 2418 pua
1305 2361 1390 2418 supra
1403 2346 1537 2418 explicui,
1558 2350 1585 2403 et
1612 2348 1680 2420 quin
1708 2350 1803 2405 amnia
1827 2365 1926 2424 prope-

218 2436 250 2492 in
264 2434 370 2490 diuinis
384 2436 465 2506 alque
480 2432 609 2488 humanis
623 2435 706 2489 relius
720 2434 923 2489 exercitatius?
945 2449 1044 2506 nempe
1099 2433 1206 2491 modum
1219 2435 1351 2508 [canticis
1364 2435 1478 2508 propria
1492 2435 1522 2492 ei
1542 2437 1659 2508 suerint.
1690 2440 1727 2494 do
1752 2437 1827 2509 quod
1854 2437 1926 2494 Uon-

217 2539 323 2580 omnem
337 2521 555 2596 philosophiam,
566 2530 592 2578 et
607 2526 717 2578 cunctas
733 2521 959 2594 philosophorum
987 2539 1042 2579 sec·
1097 2525 1158 2580 leni
1175 2525 1287 2597 ejusque
1302 2531 1395 2580 uatum
1410 2525 1529 2581 visiones
1542 2529 1689 2582 pennatus
1704 2527 1802 2598 suerit,
1816 2529 1921 2584 evinci·

221 2619 274 2680 tas,
295 2620 429 2680 auctores,
454 2605 697 2683 adversatorespue
722 2615 868 2679 sectorum,
898 2627 1044 2684 omnesque
1097 2618 1155 2684 tur,
1171 2611 1240 2686 quod
1254 2611 1341 2671 delrili
1363 2613 1470 2684 judicio
1493 2615 1594 2686 (uerit.
1614 2613 1692 2674 Acies
1729 2615 1780 2672 ille
1803 2617 1923 2689 inpenii,

221 2717 317 2760 comam
331 2702 502 2774 disciplinas,
518 2716 625 2758 omnem
639 2702 828 2770 historiarum,
843 2709 870 2757 et
886 2701 1043 2758 studiorum
1098 2703 1214 2774 impetus
1227 2701 1260 2758 de
1275 2701 1382 2758 tacitus
1396 2701 1507 2775 affatus,
1523 2711 1643 2760 mentem
1671 2703 1837 2776 effrenatam
1865 2720 1922 2762 non

220 2793 393 2861 uametatem,
417 2793 491 2847 mira
516 2790 634 2864 quodam
661 2792 761 2847 mentis
789 2791 943 2863 capacitate
968 2806 1041 2847 com·
1098 2789 1370 2852 ohscaredenotont,·
1386 2791 1496 2864 quaein
1510 2791 1741 2864 ejushpperholis
1769 2800 1794 2848 et
1815 2793 1915 2864 hpuris

219 2881 318 2953 plenus
331 2886 382 2938 est.
398 2882 509 2954 lupenio
524 2895 587 2936 uera
600 2895 692 2936 nonne
712 2883 770 2935 tam
792 2881 882 2949 provi,
909 2896 944 2936 ac
963 2881 1040 2936 cehe·
1097 2886 1187 2937 matres
1201 2879 1358 2936 abnormes.
1377 2879 1444 2948 Quot
1467 2879 1591 2937 rationes
1617 2879 1773 2952 splendidae
1799 2898 1831 2938 oc
1858 2899 1920 2939 ma·

220 2971 457 3042 mentiemini,
474 2970 657 3025 atnihitsili
668 2985 739 3042 pene
763 2968 798 3024 ad
824 2969 1041 3043 ecpupnandum
1097 2969 1219 3041 pnihcse,
1244 2985 1302 3041 pase
1329 2984 1379 3026 suo
1405 2968 1543 3026 duntaxat
1565 2969 1708 3042 splendore
1733 2971 1864 3044 probant,
1892 2977 1921 3028 et

219 3061 400 3134 proposuerit,
416 3059 488 3133 quod
502 3075 555 3116 non
571 3060 701 3116 acumine
715 3059 864 3132 irruperit,
894 3063 945 3116 aut
970 3076 1039 3132 pan·
1097 3058 1363 3130 persuadentsotum
1379 3067 1499 3115 mentem
1522 3059 1731 3132 stupefaciendo
1759 3069 1841 3133 atque
1856 3077 1922 3134 per·

219 3150 286 3207 dere
299 3151 493 3208 eliserittlam
505 3164 590 3223 porro
608 3149 743 3205 orationis
757 3163 817 3206 suae
849 3147 955 3218 laudes,
979 3152 1041 3222 puis
1094 3148 1263 3221 strinpendo.
1281 3148 1390 3205 Deinde
1405 3147 1608 3206 demonstrare
1621 3155 1744 3206 sonatur
1772 3149 1849 3207 hauc
1874 3169 1922 3209 ve·

219 3242 332 3310 eccequi
344 3237 459 3295 ualeat?
474 3253 537 3311 quoe
551 3240 636 3308 tardo,
651 3239 742 3294 nescia
758 3253 812 3310 pua
827 3239 966 3294 rationum
989 3235 1075 3306 nec
1094 3254 1157 3294 ram
1172 3237 1253 3293 illius
1268 3252 1333 3292 esse
1347 3237 1518 3310 imaginem,
1529 3239 1662 3311 quadam
1679 3239 1869 3296 exscribendo
1885 3257 1921 3298 ex

219 3329 343 3385 cessitate
358 3330 481 3400 conserta
508 3335 557 3394 est,
586 3326 675 3384 ulad
696 3342 861 3382 consensum
889 3327 945 3395 sui,
965 3342 1040 3400 precs
1093 3325 1331 3400 librodePallio,
1346 3342 1404 3399 quo
1420 3325 1698 3401 exisiimuuitopere
1717 3329 1757 3398 id,
1787 3330 1920 3403 apposite

216 3418 333 3476 suadere
353 3434 407 3474 non
434 3418 566 3490 potuerit,
592 3417 740 3489 impellat:
767 3419 844 3491 cujas
872 3425 938 3491 quat
970 3433 1040 3491 perse
1094 3417 1295 3491 evinoiposee.

218 3509 308 3578 umba,
325 3507 601 3576 tatsententiosunt,
624 3510 691 3580 quat
707 3521 812 3575 sensam,
839 3511 876 3564 tat
902 3508 1038 3566 victoum
1129 3508 1158 3564 Si
1174 3507 1262 3579 hunc,
1278 3522 1366 3579 quam
1380 3505 1496 3563 exuiris
1520 3507 1616 3565 doetie
1645 3507 1781 3566 dedimus
1807 3509 1911 3568 Tertul-

217 3595 313 3654 Sciunt
330 3598 389 3655 haec
417 3598 586 3664 marciones,
611 3595 748 3669 Appellat,
775 3597 899 3669 Preces,
925 3597 1039 3654 llerma·
1093 3599 1166 3663 ziani
1180 3596 1340 3670 imaginem
1356 3599 1545 3670 spectemus;
1561 3597 1651 3670 quari
1667 3613 1735 3654 eum
1765 3600 1918 3658 nonnullis

216 3701 306 3758 penes,
330 3685 431 3753 iudei,
454 3685 583 3754 Gentiles,
615 3686 745 3755 Gnostici,
776 3688 941 3760 ceterique:
970 3703 1038 3760 quo·
1092 3694 1199 3764 potest,
1229 3689 1335 3762 plusne
1359 3689 1501 3762 profuerit
1526 3689 1697 3746 nocueritne
1725 3689 1858 3762 religioni
1886 3697 1916 3748 et

215 3777 337 3832 rumille
353 3775 537 3848 blasphemias
556 3775 663 3843 multis,
678 3793 710 3834 ae
730 3777 838 3850 mapnis
865 3777 1038 3834 uoluminum
1093 3777 1251 3838 Ecoleeiai
1265 3779 1415 3852 majorano
1429 3779 1539 3837 damna
1559 3777 1692 3836 intulerit
1718 3779 1862 3851 Ecclesia,
1879 3799 1916 3840 an

214 3882 326 3922 morum
339 3865 464 3934 molitas,
480 3867 556 3922 uelut
569 3865 732 3938 quibuisdam
747 3865 919 3940 {culminibus
933 3867 1037 3922 euertit.
1093 3884 1161 3926 vero
1176 3868 1352 3924 commoda?
1368 3865 1473 3940 plusne
1487 3866 1642 3941 vituperio,
1654 3885 1691 3924 an
1707 3866 1794 3926 laude
1808 3871 1918 3946 diguus

218 3954 250 4012 Et
265 3964 357 4012 tamen
373 3955 419 4012 hia
432 3969 536 4029 qnoque
550 3963 608 4028 post
622 3953 681 4012 haec
708 3956 812 4028 omnia,
833 3957 889 4028 tic,
913 3956 1037 4028 inquam.
1094 3958 1134 4016 sit
1148 3957 1312 4015 censendus
1324 3954 1545 4014 Tertullianus?
1569 3955 1606 4013 Ut
1633 3955 1712 4013 varia
1740 3956 1795 4015 huo
1823 3959 1860 4015 de
1887 3974 1920 4015 re

216 4044 412 4120 Tertullianus,
428 4045 557 4103 catholici
569 4044 718 4120 dopmatis,
734 4045 763 4102 id
787 4050 840 4114 est,
870 4041 1038 4102 uniuersalis
1094 4047 1246 4105 doctorum
1263 4043 1375 4118 judicia
1390 4048 1471 4114 suot,
1486 4045 1528 4101 ita
1542 4043 1695 4119 quidpiam
1723 4045 1920 4105 determinare

214 4139 375 4195 mustustae
402 4133 467 4208 fidei
492 4151 593 4208 parum
621 4141 714 4202 nnnc,
734 4149 768 4190 ac
794 4133 925 4190 disertior
951 4132 1038 4189 multa
1093 4135 1200 4210 oppido
1215 4133 1334 4190 difficile
1363 4138 1408 4191 eet
1436 4150 1468 4191 ac
1491 4133 1660 4191 delicatum.
1688 4133 1792 4194 ludios
1818 4139 1920 4194 mmen

215 4239 298 4298 quam
312 4225 433 4296 felicior,
448 4232 556 4280 mutata
581 4221 710 4296 &diceps
737 4223 886 4293 sententio,
911 4221 977 4294 tecit
1004 4219 1039 4278 ad
1093 4225 1313 4299 elegantissimo
1327 4223 1514 4282 Sohroeolrhio
1529 4224 1579 4297 (3),
1596 4224 1621 4280 ei
1641 4226 1707 4297 ejus
1732 4224 1921 4298 (Tertulliani

214 4317 369 4371 mentum
397 4314 468 4385 pund
495 4313 528 4369 de
553 4327 585 4369 eo
614 4312 706 4369 leatus
743 4315 883 4383 consessor
913 4310 1038 4367 Hilarius
1093 4311 1334 4385 scilieetlaoripta
1349 4312 1619 4385 interrogemus,in
1635 4314 1700 4385 ejus
1716 4314 1775 4371 iere
1790 4314 1921 4373 levorem

214 4401 406 4472 aaawmlaca
434 4401 551 4458 scribit:
579 4401 720 4474 Sequenti.
746 4403 847 4470 inquit,
876 4415 971 4456 errore
995 4399 1039 4456 de·
1092 4401 1160 4458 lieet
1175 4399 1360 4474 respondere.
1378 4400 1508 4459 Montani
1529 4401 1608 4458 enim
1636 4417 1760 4469 errores,
1790 4419 1918 4475 quorum

213 4493 304 4547 tradit
317 4493 430 4561 scriptis
443 4490 630 4562 prataliiilus
644 4491 838 4546 auctoritatem
853 4490 901 4561 (2).
933 4489 1036 4545 Trithe·
1093 4495 1249 4564 patronum
1265 4490 1380 4562 agebat,
1392 4506 1450 4547 non
1464 4489 1624 4546 admodum
1640 4489 1800 4548 Ecclesiam
1817 4508 1911 4564 oppa·

213 4581 277 4648 mii,
293 4581 431 4647 Rhenani,
446 4579 865 4651 Petiliam,Pometiidiipaltii,
881 4581 909 4634 et
924 4581 1037 4634 catem-
1052 4609 1076 4676 D
1091 4579 1232 4653 gnabant,
1249 4578 1454 4635 multominus
1477 4577 1650 4634 Christiana
1677 4576 1826 4653 religionis
1851 4581 1922 4636 iun-

214 4685 279 4726 rum
296 4669 489 4726 recentiorum
503 4667 617 4740 judicia
631 4667 748 4724 silentio
764 4665 964 4740 praetermitto,
985 4667 1036 4738 qui
1092 4667 1231 4724 demente
1246 4667 1425 4737 evertebant,
1447 4666 1498 4722 sed
1529 4683 1565 4722 ax
1592 4666 1703 4723 fervore
1728 4668 1826 4740 potina
1851 4684 1923 4741 quo-

213 4774 230 4814 ι
246 4757 372 4831 singulis
387 4755 503 4813 consuli
517 4761 653 4830 possunt,
669 4762 697 4814 et
712 4757 838 4814 duorum
861 4755 1037 4812 nostratium
1092 4755 1394 4830 dampietatisnimio,
1411 4753 1533 4811 rationis
1553 4755 1769 4812 discussionem
1786 4756 1917 4829 plerum·

214 4846 364 4904 Gallorum
381 4851 534 4903 auotorum
547 4845 660 4918 judicio
677 4847 765 4902 ilnem
782 4845 866 4912 lanio,
883 4843 932 4916 qui
961 4849 1038 4900 uter·
1092 4845 1511 4918 queabjioiente,oriabantur;
1524 4841 1710 4900 imoeiinhis
1724 4845 1918 4904 defendendis

214 4952 271 5008 que
287 4937 498 5002 Tertullianum,
516 4935 568 4992 sed
584 4935 662 4992 vacis
673 4934 777 5007 pinxit.
795 4935 877 4990 Prior
903 4937 950 4990 est
975 4933 1036 4988 ola·
1091 4932 1193 4990 allde
1235 4932 1389 5000 catholiea,
1426 4932 1623 5006 Symboloqua
1643 4932 1803 5006 apostolico
1831 4934 1919 5004 nihil,

213 5041 264 5082 rue
279 5027 425 5082 Balaucius
440 5027 468 5082 in
485 5023 616 5096 Epistola
628 5026 664 5081 ad
680 5024 838 5098 Rigaltium
862 5025 890 5092 2,
918 5021 969 5078 lib.
998 5022 1035 5078 5:
1092 5021 1806 5096 autoertenonmultumdiscedebat.Quidergo
1835 5023 1919 5082 illon-

214 5114 763 5189 Tcrtullianum,inquii,respecto,quem
777 5115 807 5169 in
818 5113 907 5169 lucem
920 5111 1036 5178 emittis,
1090 5110 1205 5166 lanista
1223 5109 1379 5184 appellatio
1395 5109 1460 5182 plus
1476 5109 1556 5166 illius
1579 5110 1662 5166 Tama
1687 5115 1800 5180 nocent,
1827 5129 1919 5185 qiram

213 5214 244 5261 ut
258 5221 303 5262 me
329 5206 505 5277 patientiam,
537 5220 621 5276 quam
648 5203 746 5270 tradit,
770 5202 879 5258 edacem
883 5240 937 5258 .....
968 5198 1038 5256 Cum
1092 5197 1295 5256 alienaturum
1308 5203 1428 5254 Petrum
1444 5203 1540 5254 errata
1556 5197 1724 5256 auctoribus
1739 5201 1825 5257 suia?
1841 5201 1921 5258 luter

213 5309 244 5351 ea
258 5303 368 5352 auctare
386 5296 418 5351 in
436 5295 556 5366 pralium
583 5293 713 5350 redissem
741 5299 790 5347 tua
813 5290 988 5361 praefatione,
1012 5287 1038 5342 si
1092 5287 1232 5343 molarios
1247 5286 1399 5343 meliorem
1418 5285 1538 5358 quidem
1554 5286 1619 5344 vita
1634 5294 1818 5362 antepartum
1848 5291 1919 5364 egit,

211 5386 403 5457 admisissem
418 5383 480 5440 adia
495 5385 654 5456 prosecutus
669 5389 695 5437 et
710 5381 736 5434 si
750 5380 809 5446 eius
820 5377 940 5433 dictione
953 5376 1035 5444 dura,
1091 5390 1149 5430 non
1165 5372 1254 5430 habet
1268 5378 1369 5430 tamen
1384 5372 1557 5431 Ecclesiam
1582 5380 1665 5432 atate
1687 5379 1798 5446 virum,
1828 5395 1919 5452 quem

212 5468 735 5547 eaejussaecatintttisaoeotepenuo
750 5466 864 5536 inissem
876 5465 1036 5522 deterritus.
1090 5461 1160 5518 huia
1189 5461 1355 5519 eruditione
1383 5465 1411 5518 at
1440 5461 1555 5520 meritis
1585 5471 1745 5540 comparet.
1769 5471 1831 5524 imo
1859 5485 1918 5524 non

251 5597 291 5670 (2)
305 5597 427 5652 Vinceut
444 5593 590 5650 lirinens.
603 5589 825 5658 Commonitor„
841 5603 875 5642 ca
899 5587 959 5643 .l8.
1067 5658 1072 5670 Ι
1364 5657 1369 5670 .

249 5668 349 5740 (silo.
365 5667 467 5724 llatth.
483 5663 650 5722 Sohroeclrh.
669 5663 737 5718 llist.
758 5659 856 5718 iceles.
925 5661 1007 5716 atisee
1015 5659 1208 5732 anapestum.
1220 5655 1268 5728 lll,
1285 5673 1314 5733 p.
1330 5655 1403 5716 mihi
1419 5657 1481 5714 321.
