4156 6194
149 340 189 402 or
810 326 1078 394 narraturam
1101 325 1206 391 nra.
1820 341 1862 402 93

152 484 234 534 mus,-
248 471 279 527 in
292 469 395 542 quibus
409 468 537 524 manibus
551 468 616 524 lacis
626 466 731 527 dbrieti
743 479 841 525 namen
857 464 906 538 qui
917 462 978 534 iam
991 461 1021 528 A
1035 457 1146 516 bellum
1158 458 1326 530 Arabicum,
1342 459 1511 518 ranhioum
1527 467 1555 520 et
1567 465 1773 526 Adiabenirum
1794 489 1861 544 pro·

152 561 226 618 uenit
240 560 366 628 repnatt
379 556 432 613 list
445 561 474 613 et
492 555 565 612 illud
582 556 617 612 de
633 555 743 612 fluibus
758 551 877 626 Imperii
892 551 976 606 Rom.
1033 547 1163 612 leotaldo
1173 564 1231 622 quo
1241 548 1449 622 supralatiue),
1461 553 1612 610 Antistites
1624 557 1746 614 Romani
1756 563 1863 618 Sauro-

153 655 217 707 tum
233 647 376 720 temporis
392 645 535 702 memoria
555 645 678 718 dignum
705 659 712 700 :
736 642 871 700 Germani
892 639 980 696 adbuc
1034 652 1160 708 rumque
1174 637 1256 703 Pont,
1273 637 1443 710 religionem
1459 639 1655 702 Christianam
1671 645 1754 703 initio
1773 665 1861 706 sum·

154 753 243 811 usque
258 739 363 794 limites
389 734 546 808 transqredi
572 750 628 790 reon
653 736 794 790 sinantur.
824 729 981 786 Britanniae
1035 729 1085 798 pto
1100 741 1117 779 a
1130 731 1158 778 S.
1175 724 1289 782 Victore
1304 727 1386 783 Pont.
1403 731 1538 802 persequi
1552 739 1711 805 pergerent,
1728 736 1863 794 Tearos·

155 831 233 885 inira
259 825 363 884 Oceani
386 825 522 881 ambitum
543 823 676 880 concluse
717 825 791 878 sunt.
825 822 983 878 Maurarum
1037 830 1139 870 uranus
1163 815 1198 870 ad
1227 815 1420 874 imitationem
1446 818 1569 876 aliorum
1601 823 1650 895 qai
1679 830 1746 881 aute
1777 844 1808 883 se
1832 829 1862 885 id

153 933 230 988 pem,
246 921 273 972 et
288 915 461 974 Getulorum
475 911 647 970 barbariora
672 912 799 968 Romanis
814 909 983 979 obsideatur,
1037 904 1176 973 iecerunt,
1192 908 1221 960 et
1239 907 1401 977 prasertim
1426 911 1457 962 B.
1481 909 1591 966 lustini
1615 911 1699 970 Mart.
1718 919 1863 976 bnonooa·

152 998 983 1079 sureqionumsuarumfineeeneedant.QuiddeRomanis
1035 1007 1121 1049 riona
1137 1009 1365 1050 raocnmsrmrs
1391 997 1513 1054 Romam
1538 999 1629 1070 misit,
1657 1001 1686 1058 iu
1717 1021 1786 1077 quo,
1816 1005 1860 1062 vel

152 1097 259 1164 dicrum,
275 1095 324 1167 qui
338 1093 370 1148 de
385 1093 525 1165 beianum
545 1109 662 1148 suarum
675 1091 815 1164 praesidiis
830 1094 982 1161 imperium
1037 1081 1188 1138 Lactantio
1207 1087 1292 1151 teste,
1309 1084 1393 1156 plene
1407 1085 1483 1142 hanc
1494 1104 1613 1145 causam
1627 1094 1781 1163 peroravit.
1795 1099 1861 1153 lam

152 1202 236 1242 suum
250 1184 393 1249 muniunt,
408 1198 459 1240 aee
468 1186 549 1238 trans
562 1182 629 1238 isias
643 1189 736 1253 penus
748 1181 893 1253 preripere
911 1180 984 1236 vires
1037 1175 1105 1228 ente
1120 1175 1218 1227 tamen
1234 1172 1396 1230 discessum
1407 1192 1495 1232 stium
1505 1179 1615 1236 multas
1625 1180 1713 1255 leges
1728 1199 1743 1238 a
1758 1187 1863 1241 Seuero

151 1275 236 1344 repat
249 1274 296 1329 sui
309 1273 442 1346 possuntt
456 1271 536 1335 Quod
553 1267 983 1344 ipsumattiugitdetlermeuis
1038 1265 1067 1317 et
1080 1263 1250 1318 emendatas
1264 1267 1293 1318 et
1307 1263 1471 1335 publicatas
1485 1265 1529 1323 vel
1545 1267 1608 1341 ipse
1623 1275 1725 1328 auctor
1739 1272 1864 1335 indicat:

155 1362 355 1420 Herodianus.
370 1359 440 1417 hist.
454 1360 474 1417 1.
488 1361 517 1428 2,
528 1361 600 1417 dum
617 1360 755 1416 Severum
771 1357 896 1416 electum
912 1357 985 1416 dicit
1038 1351 1143 1417 Nonae,
1159 1350 1264 1423 iuquit,
1285 1361 1310 1408 et
1324 1368 1369 1409 aas
1392 1356 1517 1426 quotidie
1540 1361 1735 1429 experimentis
1754 1364 1864 1420 illumi-

152 1470 208 1526 per
222 1452 370 1508 exereitus
384 1466 498 1518 omnes,
515 1449 565 1522 qui
589 1465 640 1523 pro
665 1448 737 1522 ripis
761 1445 888 1504 Danubii
907 1445 982 1503 Rhe·
1038 1441 1309 1498 nantibustenebras
1331 1445 1517 1516 antiquitatis,
1544 1454 1630 1505 totam
1650 1449 1863 1510 illamaeterem

152 1543 248 1615 nique
264 1540 433 1597 coessentia
453 1536 586 1596 barbaris
610 1539 788 1596 excubantes
811 1537 895 1593 Rom.
919 1539 984 1593 tus·
1038 1537 1064 1586 et
1078 1529 1249 1601 squalentem
1264 1529 1374 1602 sytriam
1390 1534 1490 1606 Lepam
1501 1537 1581 1593 noris
1596 1539 1800 1612 Principalium
1816 1543 1866 1599 lie·

153 1633 269 1689 bantur
282 1629 358 1703 Imp.
379 1629 414 1686 et
436 1645 504 1686 vero
528 1629 607 1685 huuc
635 1643 746 1685 annom
772 1631 783 1682 1
806 1625 985 1683 collocamus
1038 1621 1205 1690 scriptoram
1232 1627 1260 1676 et
1284 1621 1441 1678 idiotarum
1467 1627 1608 1683 securibus
1622 1631 1756 1686 trementis
1770 1634 1795 1688 et
1809 1648 1865 1688 ea·

155 1720 264 1776 pontif·
280 1723 299 1774 Β
314 1718 462 1775 mund„
477 1717 630 1790 Zophyfini
654 1715 801 1773 flabuudfi
819 1720 850 1770 1r,
867 1715 984 1772 natione,
1040 1707 1129 1764 ditis?
1147 1710 1245 1765 Nonne
1263 1712 1428 1767 vanissimas
1448 1714 1550 1787 Papias
1569 1717 1650 1788 Lepet
1674 1719 1736 1790 (ubi
1761 1719 1867 1777 alludit

154 1807 293 1878 Romani,
307 1808 386 1880 quod
402 1807 539 1864 defuneto
555 1807 583 1862 S.
594 1807 716 1873 Victore,
728 1810 881 1878 postquam
899 1805 984 1862 sedes
1041 1795 1075 1852 id
1090 1797 1195 1868 Legem
1208 1797 1328 1870 P³Pl⁸m
1342 1802 1505 1872 P⁰Pl>oe⁸ms
1518 1802 1558 1858 5¹³
1569 1804 1676 1861 dictim
1689 1823 1707 1862 ⁸
1721 1809 1784 1865 ⁸⁰5⁵
1796 1809 1867 1865 111ίῦ-

154 1902 294 1955 racesset
308 1896 414 1953 diebus
436 1896 470 1952 12
489 1895 552 1968 ipse
567 1899 683 1950 creatus
698 1895 786 1950 luerit
801 1909 828 1948 ιν
843 1894 912 1951 Idus
927 1894 986 1948 Au·
1046 1885 1129 1941 filiu!
1144 1890 1179 1939 Μ·
1200 1885 1288 1958 P⁸Pi⁰
1303 1889 1339 1941 Μ·
1356 1891 1385 1942 F·
1408 1889 1445 1946 Μ·
1462 1893 1495 1946 Ν·
1519 1891 1621 1949 M¹¹ffl⁰
1645 1899 1674 1951 θῑ
1693 1897 1726 1964 Q·
1744 1897 1866 1971 P⁰PP⁸⁰⁰

154 1987 250 2064 gusti,
267 1985 314 2042 his
329 1986 404 2059 ipsis
418 1984 500 2042 Coss.
514 1983 557 2040 rel
570 1984 697 2040 Damaso
708 1986 792 2051 leste,
809 1983 860 2056 qui
875 1982 987 2039 sedisse
1040 1977 1118 2039 Η·
1139 1974 1171 2037 0·
1200 1978 1234 2030 N·
1254 1976 1420 2033 ὓθθΰῠᾶῑῦῠ
1448 1981 1552 2051 0⁰⁵⁵·ls
1581 1997 1646 2054 4¹⁴ae
1673 1989 1739 2042 ante
1768 1987 1870 2044 litim

125 2115 128 2120 -
154 2093 227 2132 eum
243 2074 347 2132 scribit
358 2074 541 2146 temporibus
557 2073 654 2130 Severi
668 2076 698 2130 et
710 2071 860 2140 Antonini,
876 2089 892 2128 a
911 2075 1003 2128 Cou·'
1039 2065 1268 2137 resupinarum,
1287 2081 1371 2138 quam
1394 2067 1479 2126 Jllil'ae
1506 2071 1715 2128 mlliiimmll‘ssm
1730 2077 1867 2145 commiti,

154 2167 258 2222 sulatu
270 2163 421 2221 Saturnini
436 2167 465 2219 et
478 2161 565 2226 Galli,
586 2177 680 2235 usque
695 2162 732 2218 ad
761 2165 937 2218 Praesentem
958 2166 987 2217 el
1039 2163 1102 2225 ΡΜ
1113 2158 1199 2212 Μηῑθὶ
1212 2156 1384 2211 “Wlfflin'‘
1398 2161 1576 2226 meatim,
1592 2161 1655 2217 '¹²71'
1675 2161 1790 2221 severit
1804 2181 1868 2221 00⁷2·

154 2255 341 2311 Extricatum
362 2250 515 2308 Consules.
538 2250 689 2315 Quomodo
713 2249 831 2307 interim
855 2251 986 2306 nondum
1040 2245 1227 2300 santissimae
1241 2245 1385 2314 Casuram
1410 2246 1551 2302 exclusit?
1571 2249 1658 2322 (Apol.
1682 2268 1707 2307 o.
1734 2253 1772 2325 l.)
1797 2256 1867 2318 Quae

154 2344 286 2416 inempta
308 2339 510 2412 persecutione
533 2339 769 2396 Christianorum
790 2339 894 2411 quinta
911 2339 989 2396 inter
1042 2332 1186 2389 dictarum
1211 2331 1310 2407 legum
1335 2333 1453 2392 abolitio
1478 2340 1626 2409 quomodo
1648 2339 1753 2397 Severo
1774 2343 1868 2415 possit

154 2433 304 2505 Martyres
318 2431 348 2486 S.
360 2430 460 2486 Victor
470 2427 638 2496 collocetur,
649 2428 986 2495 difficultaleuoucaret‚
1042 2421 1161 2478 attribui
1172 2425 1201 2478 at
1215 2426 1312 2478 tamen
1330 2428 1431 2496 postea
1444 2426 1614 2484 Constantio
1630 2432 1736 2502 Impar.
1752 2431 1867 2488 tribua-

154 2519 442 2593 queaetliusabium
469 2522 499 2574 et
526 2515 599 2592 alios
627 2517 870 2591 chronographos
885 2518 986 2584 movit,
1041 2513 1101 2576 tur,
1126 2508 1214 2568 latius
1236 2511 1267 2567 in
1293 2517 1430 2568 nunciat
1465 2515 1501 2571 ad
1527 2515 1606 2572 huno
1633 2515 1728 2575 locum
1758 2521 1867 2578 nostris

155 2617 189 2666 u,
204 2609 236 2665 in
250 2608 395 2664 ,nnumg
420 2611 449 2664 οἱ
462 2607 491 2674 9,
507 2609 558 2664 ,up
581 2607 614 2662 10
637 2607 733 2663 amri
757 2607 822 2676 eju,
837 2605 988 2662 pontiam.
1041 2599 1233 2656 tractavimus
1245 2617 1252 2668 ;
1265 2599 1295 2656 in
1306 2601 1414 2673 quibus
1425 2603 1449 2658 si
1465 2602 1577 2676 placeat
1589 2607 1756 2679 conjectura
1766 2615 1868 2667 nostra

156 2705 226 2754 tum
241 2697 430 2770 protendant.
442 2695 552 2752 Verum
567 2695 646 2752 dicta
660 2711 726 2751 mea
739 2698 768 2751 at
781 2695 811 2751 s.
824 2695 940 2752 Damasi
952 2695 988 2751 da
1042 2686 1078 2742 de
1092 2686 1353 2761 1.1u.destnpre
1366 2695 1393 2747 et
1420 2691 1506 2749 adult.
1539 2709 1597 2767 qua
1625 2695 1868 2756 delinituratism

156 2788 321 2860 utriusqus
346 2786 530 2859 temporibus
558 2785 705 2841 sententia
732 2784 989 2858 confirmaturper
1041 2775 1073 2830 in
1089 2792 1198 2848 sponsa
1213 2781 1348 2851 stuprum
1365 2783 1393 2835 et
1415 2780 1592 2839 adulterium
1618 2786 1749 2843 accusari
1764 2792 1792 2844 et
1808 2788 1868 2845 viu·
1970 2815 1972 2818 >
2057 2773 2058 2818 1

155 2877 252 2949 Epist.
270 2880 381 2932 necrol.
394 2873 548 2947 zephyrini
561 2875 645 2930 datos
668 2873 716 2930 his
739 2873 813 2947 ipsis
831 2875 988 2932 Saturnino
1043 2867 1133 2923 (libari
1149 2883 1246 2939 posse,
1261 2869 1408 2940 oportebit
1421 2887 1484 2927 sem
1501 2874 1606 2944 Legem
1622 2876 1669 2932 his
1683 2879 1764 2935 Coae.
1777 2879 1866 2938 latam

155 2971 184 3022 et
200 2965 287 3022 Gallo
301 2968 394 3032 (losa,
406 2963 533 3036 priorem
547 2981 586 3019 ru
597 2962 780 3034 Kal.,Octob.
798 2964 988 3036 posteriorem
1043 2955 1144 3012 luisse.
1161 2955 1195 3012 lii
1207 2971 1275 3013 uero
1292 2974 1342 3030 pro
1358 2957 1433 3015 bello
1448 2963 1576 3018 secundo
1588 2964 1722 3022 Parthico
1734 2969 1866 3025 noudum

152 3073 195 3112 su
214 3055 287 3111 ldus
299 3053 452 3122 novemb,
468 3057 498 3109 et
510 3052 540 3108 in
555 3052 704 3125 primitiva
718 3053 792 3108 Eccl.
805 3069 863 3110 uon
879 3052 931 3110 tuit
946 3053 990 3109 iu·
1043 3043 1187 3117 00fflp¹0l0
1200 3046 1285 3118 (quod
1302 3047 1349 3103 hit
1368 3048 1450 3106 Coss-
1475 3051 1667 3110 Cassiodorus
1683 3055 1771 3111 etiam
1788 3057 1867 3114 ince-

153 3144 279 3200 solitum
297 3141 531 3214 persecutionem
557 3157 575 3197 a
597 3140 706 3213 populo
730 3144 813 3198 Rom.
843 3146 894 3198 aut
915 3159 986 3216 pras-
1044 3138 1128 3205 ptum
1143 3135 1243 3206 tradit)
1260 3135 1329 3191 lacit
1343 3139 1541 3207 sociandum
1557 3141 1741 3201 interbostee
1758 3147 1863 3218 imper.

151 3231 243 3289 lectis
258 3231 346 3288 Urbis
361 3230 480 3286 initium
506 3245 633 3286 sumere.
655 3229 754 3294 Quid?
770 3230 848 3303 quod
877 3232 911 3288 do
934 3233 987 3288 1100
1044 3222 1167 3278 Romani
1178 3229 1331 3280 enumerat
1347 3226 1454 3285 datarus
1469 3238 1494 3286 et
1508 3229 1725 3304 llarcamaanas,
1741 3234 1867 3307 ipsasque

150 3326 291 3394 tempore
304 3320 335 3375 id
359 3319 478 3376 disertis
501 3319 598 3375 verbis
616 3320 727 3376 Auctor
751 3320 856 3377 asserit
871 3336 878 3376 :
894 3322 988 3379 Sedet
1041 3311 1159 3368 Partim
1175 3311 1253 3377 (ibid-
1271 3330 1295 3369 θ·
1312 3313 1486 3387 39).Ilerum
1512 3333 1578 3376 vero
1601 3319 1773 3380 Christianae
1797 3324 1866 3381 tidei

148 3409 335 3479 christinus,
348 3407 455 3481 inquit,
469 3408 591 3478 femiam
615 3414 641 3463 et
663 3407 833 3464 clarissimos
850 3411 926 3466 viro,
940 3411 986 3467 sp.
1041 3401 1242 3457 dilatationem
1259 3401 1306 3459 bis
1321 3406 1416 3461 verbis
1440 3404 1566 3465 celebrat
1592 3427 1598 3466 :
1621 3413 1750 3488 Hesterni
1762 3429 1867 3486 sumus,

147 3515 234 3555 uerus
247 3499 341 3554 sciens
358 3497 441 3568 buius
459 3500 539 3553 secte
561 3512 627 3564 esse,
644 3511 698 3552 nan
724 3497 804 3554 neoda
826 3513 882 3555 non
903 3499 986 3572 laesit,
1040 3493 1489 3564 etuestraamniacompleaimas,
1505 3498 1727 3570 urbanissume,
1741 3505 1867 3571 castello,

149 3604 251 3644 ,imm
265 3591 293 3643 ee
304 3587 463 3642 uadimonia
475 3587 630 3653 mmsis,
644 3591 670 3641 et
681 3586 784 3658 populo
793 3589 904 3658 tarenti
918 3589 947 3643 tn
958 3605 987 3645 ω
1040 3582 1207 3651 municipia,
1219 3583 1414 3655 conciliabula,
1426 3591 1514 3643 castra
1527 3590 1601 3661 ipsa,
1617 3591 1715 3660 tribus,
1732 3593 1868 3666 decuriae,

146 3679 251 3750 palam
265 3678 370 3733 restitit
382 3676 436 3748 (Ad
450 3675 532 3746 Scap.
548 3691 574 3731 o.
591 3675 629 3742 43
646 3675 722 3746 Apol.
739 3691 763 3730 c.
791 3677 817 3741 1,
840 3677 879 3748 2).
896 3678 985 3749 atqui
1038 3671 1190 3742 palatium,
1217 3672 1359 3740 Senatum,
1383 3679 1507 3741 Forum·
1522 3683 1551 3734 et
1573 3680 1661 3751 paulo
1685 3686 1762 3751 ente,
1790 3685 1867 3756 quod

147 3771 220 3824 sule
236 3781 348 3822 annum
359 3769 532 3838 sequentem
545 3767 659 3836 oportet
674 3763 764 3820 latam
786 3765 876 3822 tuisse
891 3764 985 3840 legem
1041 3775 1117 3815 anno
1133 3761 1305 3832 precedenti
1319 3761 1447 3820 diximus
1463 3766 1497 3822 ds
1513 3768 1647 3841 populari
1664 3772 1867 3843 perseeutione

148 3857 293 3911 Diuorum
315 3853 412 3911 Severi
440 3857 469 3909 at
490 3852 640 3923 Antonini,
660 3868 697 3909 ae
721 3854 788 3924 quis
808 3854 916 3912 absens
932 3872 985 3928 pu·
1039 3848 1195 3905 001¹fll¹1¹l²t
1210 3866 1216 3906 ἲ
1233 3851 1353 3920 Quilibet,
1378 3852 1486 3928 inquil,
1508 3859 1592 3913 tilam
1611 3863 1768 3933 praeltrt'lot
1786 3878 1806 3918 a
1820 3877 1867 3920 vt·

147 3943 263 4012 uiator,
294 3943 381 4014 cujus
399 3938 621 3997 dimantiolib.
638 3958 648 3996 1
668 3941 699 3997 tt.
715 3942 748 4000 de
770 3944 880 4017 Requir.
905 3947 986 4014 reis,·
1041 3937 1292 4010 bn,suojoreaos
1314 3943 1462 3999 inimicum
1485 3947 1584 4017 vulqus
1608 3948 1715 4006 inuadit
1731 3951 1870 4023 lapidibus

149 4050 223 4090 nam
241 4033 277 4088 ,a
295 4047 358 4088 mm
374 4030 454 4087 haud
471 4031 559 4086 dubis
575 4029 680 4086 alludit
693 4031 723 4088 in
740 4033 801 4090 haee
815 4035 904 4092 verba
926 4041 985 4092 Au.
1039 4026 1235 4084 eliscendiisl
1249 4031 1318 4099 ipsis
1334 4032 1550 4091 Bacebonalium
1563 4039 1657 4109 turta,
1682 4054 1732 4096 nec
1753 4043 1870 4097 mortuis

147 4129 215 4179 otor
233 4137 240 4177 :
258 4120 331 4191 Quid
344 4119 400 4190 bic,
418 4119 526 4192 iuquit,
541 4119 658 4189 Leqibus
673 4121 778 4194 deperit
792 4125 822 4178 in
836 4141 885 4182 sua
899 4142 985 4195 repno
1037 4124 1156 4190 parcunt
1172 4116 1347 4188 Christianis,
1366 4123 1435 4194 quin
1458 4124 1522 4180 illos
1544 4126 1578 4182 de
1599 4130 1694 4199 requie
1707 4131 1869 4204 sepultura,

145 4210 410 4276 domirsantibumi
423 4206 582 4264 audiatur!
596 4208 637 4264 da
653 4208 807 4278 mamonis
820 4211 985 4281 plantabitur
1039 4206 1162 4278 deasyla
1182 4207 1300 4278 quadam
1319 4212 1426 4279 martis,
1447 4213 1508 4286 jam
1530 4215 1613 4284 alias,
1639 4218 1697 4290 jam
1721 4235 1771 4274 nec
1788 4222 1870 4286 lotas,

144 4308 270 4372 pameas
286 4315 396 4368 aarum,
410 4300 436 4354 si
449 4298 607 4354 inauditam
626 4297 798 4354 damnabant
812 4301 985 4360 santarem?
1039 4294 1174 4365 avellant,
1195 4296 1340 4365 dissecent,
1364 4298 1530 4359 distrabaat
1546 4305 1598 4378 (lb.
1625 4323 1650 4360 c.
1676 4307 1746 4376 57.).
1762 4308 1868 4364 Eodem

146 4395 177 4444 et
192 4403 317 4444 rursum
334 4405 341 4440 τ
360 4387 479 4457 Quando
502 4401 552 4441 nee
573 4386 661 4441 liceat
684 4385 839 4460 indefessos
861 4393 888 4446 at
903 4392 983 4447 inat,-
1040 4384 1167 4455 pertinet
1182 4383 1255 4440 illud
1273 4402 1280 4441 ε
1297 4385 1350 4443 Nec
1362 4389 1417 4444 ulli
1440 4395 1530 4464 mnqis
1554 4393 1767 4466 depostulatores
1790 4397 1871 4455 Cbri·

147 4478 225 4534 ditos
240 4477 354 4532 omnino
368 4474 510 4530 damnari.
1038 4473 1192 4528 stionorum
1207 4489 1290 4544 quam
1304 4477 1411 4549 vulqus
1428 4483 1457 4535 et
1471 4483 1559 4537 toties
1574 4483 1662 4539 citata
1672 4486 1709 4541 ab
1722 4488 1804 4542 auct.
1821 4505 1872 4561 po·

998 4560 1152 4642 Dpularis
1166 4578 1221 4618 vox
1236 4561 1285 4619 ille
1301 4582 1308 4620 ε
1326 4566 1495 4626 Christianos
1517 4570 1553 4626 ad
1576 4573 1692 4630 leonem.
1715 4575 1872 4649 Complura

438 4658 517 4700 anno
531 4657 635 4700 nouam
650 4658 694 4699 co.
1047 4653 1116 4705 suut
1128 4649 1187 4707 alis
1209 4651 1240 4708 in
1254 4653 1439 4727 Apologstico
1455 4668 1618 4718 memoratu
1642 4663 1747 4736 digus,
1768 4665 1817 4721 sed
1835 4681 1871 4722 ue

184 4777 255 4849 ΒΧ.
271 4784 311 4837 m
337 4777 514 4851 Apamam
552 4778 716 4835 remmom
740 4780 841 4838 ‘mim
864 4785 890 4839 e,
912 4785 977 4845 mo
1044 4737 1092 4796 hic
1116 4741 1288 4812 prolixiores
1312 4745 1414 4819 simus,
1431 4748 1621 4808 adtrectat.
1639 4759 1871 4812 nostrasLeclo·

148 4869 289 4925 aalma
309 4875 402 4938 mm
438 4882 471 4922 ω
493 4817 528 4924 (ὦ
551 4867 920 4931 Tmmmmwdmo
950 4832 989 4930 ,ij
1044 4830 1871 4902 remremittimus.Hieduntaxataddemusoccasionem

150 4958 267 5030 mm
280 4957 347 5014 im
366 4908 469 5013 0⁶⁵7,ss
490 4954 524 5011 de
548 4958 714 5014 mmmm
740 4958 774 5014 de
789 4917 930 5018 omnam:
956 4964 989 5020 de
1043 4917 1257 4988 persecutionis
1271 4926 1367 4978 ortam
1384 4941 1417 4981 ex
1432 4925 1515 4984 falsis
1532 4928 1700 4996 calumniis,
1717 4948 1792 5007 quas
1807 4933 1872 5007 pul·

149 5047 387 5115 emmim,
403 5044 573 5102 demum
589 4999 744 5115 Aaron&
765 5005 988 5109 Mundim'im·
1044 5005 1320 5076 charrimeraiutat,
1343 5015 1533 5084 potissimum
1558 5020 1654 5077 tribus
1683 5022 1870 5092 infanticidii,

151 5135 273 5191 mundis
300 5117 480 5205 animalibus,
509 5133 542 5190 de
572 5135 714 5209 Trinitale,
730 5140 764 5194 de
789 5140 941 5212 baptismo.
956 5173 991 5182 -

149 5225 196 5281 17.
217 5241 246 5280 r.
261 5239 402 5281 massua
421 5240 565 5280 anuuuao
597 5241 630 5296 11,
652 5241 686 5280 rer
710 5244 742 5282 rs.
765 5244 896 5297 narrato,
912 5247 943 5288 u.
960 5248 987 5286 a.

148 5329 306 5369 rnoaroae
319 5329 397 5369 coss.
423 5316 450 5368 S.
475 5311 630 5385 Zephyrmi
655 5314 739 5372 Rom.
760 5319 843 5373 Poot.
861 5335 938 5376 auno
954 5335 990 5387 11,

148 5401 604 5475 Severilmp.v11,cum,lmp.
627 5419 695 5460 cum
720 5404 790 5462 tiliis
811 5407 874 5464 suis
898 5407 988 5465 Anto·

1043 5095 1198 5166 sanguinis
1214 5095 1337 5156 humani
1360 5103 1469 5176 pabuli,
1482 5110 1510 5162 et
1530 5107 1654 5167 incesti:
1674 5113 1809 5184 litamur,
1825 5113 1872 5171 in·

1043 5185 1118 5258 quit,
1133 5186 1341 5246 sceleratissimi
1367 5192 1400 5249 de
1427 5211 1547 5254 sacram.
1574 5199 1758 5273 infanticidii,
1783 5208 1809 5260 el
1820 5221 1873 5277 pa·

1044 5272 1105 5331 bulo
1121 5275 1194 5342 inde,
1210 5285 1238 5332 et
1252 5285 1311 5350 past
1326 5285 1481 5341 conuiuium
1505 5289 1611 5346 incesta
1621 5307 1632 5354 ,·
1651 5291 1724 5365 quod
1738 5309 1874 5351 eversores

1045 5367 1184 5426 laminam
1202 5384 1293 5438 canes,
1310 5373 1420 5430 baanes
1443 5378 1547 5432 scilieet
1575 5383 1762 5450 tenebrarum,
1778 5393 1836 5441 tum
1848 5388 1875 5440 et

147 5493 227 5549 niso
244 5491 350 5549 etGeta
364 5495 433 5549 suto
445 5489 609 5547 discessum
623 5507 711 5549 suum
727 5493 884 5553 declaratis
895 5495 989 5554 Cesa-
1043 5457 1193 5518 libidinum
1207 5463 1361 5536 ''mim''
1375 5465 1600 5527 mmmmm
1612 5476 1763 5546 immiti
1778 5472 1872 5547 (tata,

149 5581 397 5655 ribusnugustis
414 5579 466 5636 aa
494 5581 522 5636 et
547 5579 683 5654 Imperat.
707 5582 855 5658 congiario
880 5585 987 5644 ilerum
1043 5565 1068 5607 ⁰·
1081 5551 1120 5622 tt.

148 5669 266 5747 populo
290 5670 356 5727 dato
372 5673 402 5728 st
425 5667 567 5728 donativo
591 5667 747 5744 mittilbuc,
771 5673 801 5733 to
823 5675 987 5737 seeundum
