4152 6192
211 244 289 312 t³3tt
483 245 746 312 subintulerit
768 247 930 316 ouuuutt
952 245 1052 312 utus
1073 247 1098 309 1.
1114 280 1153 292 -
1166 245 1303 310 sattius
1326 246 1365 320 11,
1388 245 1629 310 costitutus.
1835 246 1914 310 1336

99 395 102 402 ·
210 377 386 434 cohaerentes
413 377 554 446 materias,
570 379 655 436 uariis
678 381 855 453 temporibus
877 380 1017 450 annisque
1039 379 1109 452 ipsis
1132 379 1324 452 interpolatas,
1345 377 1570 436 circumduxerit
1593 377 1746 436 calamum.
1763 379 1815 436 list
1836 380 1912 436 enirn

111 509 114 516 .
210 467 339 535 quadam
370 469 470 535 suapte
498 474 599 522 natura
625 468 732 524 tristior
759 476 808 524 aut
836 467 983 537 humilior,
997 474 1082 540 atquo
1101 482 1226 524 exsucca
1239 466 1339 536 magis,
1355 481 1417 538 qnae
1429 467 1565 537 juvenilis
1581 481 1694 539 quoque
1709 467 1819 534 ingenii
1838 468 1912 538 rigo·

208 565 269 610 rom
297 551 365 608 setis
394 553 527 608 retundat
557 559 641 624 atque
669 552 819 626 deprimat,
836 561 864 610 et
891 563 926 610 ad
953 569 1037 625 quam
1064 553 1228 616 succulenta
1250 553 1423 622 caeteroquin
1439 553 1563 610 virorum
1588 550 1751 624 eloquentia
1761 552 1837 608 relot
1852 569 1912 610 cra·

207 648 301 697 rescat
318 647 378 697 :ert
405 648 500 698 autem
525 641 582 706 elia
605 656 703 700 rursus
730 644 847 700 materia
875 643 987 700 suavior
1010 642 1214 712 amoeniorque,
1232 645 1261 696 et
1275 640 1366 712 ipsius
1379 641 1502 697 auctoris
1526 641 1642 713 ingenio
1664 641 1912 711 accommodatior,

207 744 270 800 quae
298 729 462 802 languidior
489 731 660 802 oaeteroquio
689 732 837 802 ingenium
867 733 936 788 satis
963 732 1083 787 excitare
1108 746 1142 786 ac
1170 731 1315 786 stimulare
1341 736 1426 800 queat
1449 745 1458 786 ι
1482 737 1525 786 est
1549 731 1673 801 denique
1699 730 1737 785 ita
1766 731 1846 785 rirax
1871 747 1904 787 rc

208 817 355 874 radiosum
374 817 520 889 quidpiam
534 817 707 891 dillundens,
724 836 786 891 quae
801 819 972 877 scribentem
988 819 1102 890 penitus
1116 819 1270 875 incendere
1293 834 1326 876 ae
1342 821 1531 886 inflammare,
1546 833 1631 888 quem
1651 827 1679 875 et
1708 833 1743 874 cr
1766 825 1911 875 senectute

204 905 324 976 jamjam
347 905 483 963 cinericia
511 907 559 964 diu
585 909 747 980 consopitos
773 909 917 981 igniculos
945 909 1115 980 quandoque
1143 908 1280 964 suscitare
1302 907 1490 964 valeatsunt
1516 905 1826 980 deindealiaquoqoe,
1842 907 1912 964 scri·

208 993 287 1050 bauti
301 993 427 1064 aliunde,
441 1010 475 1052 ae
491 995 567 1052 solut
583 1011 632 1067 per
648 995 811 1068 obliquum,
825 998 1015 1068 advenientia,
1033 1012 1094 1067 quaa
1119 1002 1211 1052 tamen
1234 997 1269 1052 ad
1290 995 1351 1066 ejus
1374 997 1533 1066 ingenium,
1548 1002 1578 1052 ut
1601 997 1641 1051 ita
1663 995 1769 1063 dicam,
1792 995 1913 1052 alteran-

205 1084 275 1138 dum
289 1084 460 1155 quandoque
480 1084 601 1141 multum
629 1087 842 1157 possuntQuid
862 1089 966 1143 mirum
992 1085 1090 1159 igitur.
1111 1085 1140 1141 si
1163 1101 1257 1157 neque
1280 1083 1472 1141 Tertullianus
1500 1085 1686 1157 undequaque
1711 1084 1765 1140 sibi
1793 1092 1912 1152 constat,

202 1172 263 1238 sed,
287 1187 355 1228 cum
379 1173 523 1244 primitus,
540 1174 606 1230 lieet
627 1175 690 1246 jam
710 1175 845 1252 adultiori
866 1183 959 1243 aetate,
975 1191 1006 1231 se
1029 1175 1065 1231 ad
1090 1174 1272 1232 scribendum
1298 1174 1427 1242 contulit,
1443 1173 1576 1230 nonnihil
1591 1173 1721 1230 alteriori
1746 1173 1819 1242 sarto
1844 1188 1909 1228 osus

203 1260 298 1330 luerit,
313 1262 448 1335 deinceps
474 1263 539 1318 altis
562 1264 593 1321 in
617 1263 679 1335 eius
703 1264 838 1336 operibus
862 1263 997 1324 nonnihil
1014 1265 1103 1336 magis
1126 1261 1303 1332 subsidente,
1318 1263 1475 1334 majorique
1489 1262 1806 1334 cruditionisapparatu
1831 1276 1912 1318 orna·

204 1357 266 1406 tum
281 1349 352 1405 velit
366 1363 550 1422 compensare
562 1351 576 1406 l
1720 1423 1721 1428 ,

237 1439 268 1495 si
279 1439 339 1510 jam
353 1455 420 1498 voro
435 1448 547 1511 tompus
561 1442 665 1512 ipsum,
682 1459 737 1515 quo
765 1444 841 1501 hunc
867 1451 1017 1500 tractatum
1044 1444 1209 1510 exaraverit,
1230 1442 1314 1514 paulo
1340 1441 1527 1514 propinquior
1550 1439 1722 1512 (quenquam
1746 1439 1773 1495 id
1799 1441 1912 1511 praecisa

204 1525 266 1583 lieri
289 1529 421 1600 nequeat)
446 1530 655 1603 designandum
678 1533 723 1600 sit,
740 1533 779 1589 ita
800 1535 914 1603 opinor,
936 1533 1009 1589 hanc
1033 1533 1231 1590 tractationem
1252 1540 1329 1588 corto
1353 1539 1419 1587 ante
1442 1545 1552 1587 annum
1572 1530 1677 1587 Christi
1703 1529 1756 1584 200
1771 1536 1799 1586 et
1813 1531 1912 1586 uerisi-

204 1616 309 1672 militer
329 1633 406 1674 anno
428 1618 479 1673 lut
499 1626 549 1674 aut
570 1620 688 1678 tortasse
713 1624 864 1688 maturius,
880 1621 983 1678 litteris
1007 1624 1202 1692 consignatam
1225 1620 1323 1690 luisse,
1348 1626 1424 1677 certo
1451 1626 1594 1676 autemst
1619 1619 1718 1689 hujus,
1741 1627 1770 1674 et
1797 1617 1913 1674 alterius

204 1705 240 1761 de
252 1703 392 1776 baptismo
407 1707 519 1779 scripti,
534 1714 647 1779 tempus
663 1709 736 1765 haud
751 1709 850 1782 procul
867 1710 989 1766 inuicem
1005 1709 1119 1766 distare.
1136 1712 1179 1765 An
1196 1725 1260 1765 roro
1284 1707 1389 1764 librum
1420 1713 1462 1764 De
1494 1709 1636 1777 baptisato
1661 1706 1727 1763 ltuic
1749 1707 1787 1764 de
1816 1707 1910 1764 Perti·

203 1795 304 1864 tentia
322 1811 361 1852 aa
377 1795 453 1853 bunc
468 1794 525 1865 illi,
540 1797 687 1854 scribendi
700 1798 814 1869 ordine,
828 1798 1023 1869 subjunxerit,
1039 1797 1083 1853 ris
1099 1798 1256 1870 quidquam
1271 1795 1459 1854 determinari
1479 1802 1582 1868 potest.
1597 1795 1789 1854 verisimilior
1813 1803 1908 1851 umen

204 1881 277 1938 milti
305 1882 422 1953 quidem
450 1884 571 1956 ridetur,
588 1885 830 1956 subjunxissent
855 1886 933 1943 enim
963 1886 1041 1943 hune
1069 1886 1106 1941 da
1123 1886 1290 1941 Paenitentia
1318 1883 1623 1956 praemisissetcredc,
1651 1884 1684 1939 in
1711 1899 1774 1954 cap.
1802 1881 1856 1938 ult.
1877 1881 1909 1938 ds

203 1971 355 2042 llaptr'rmo,
372 1970 421 2028 ubi
444 1973 479 2030 de
507 1973 687 2044 paenitentia,
703 1974 844 2046 baptismo
874 1977 964 2032 instar
992 1991 1050 2047 prae
1077 1975 1216 2034 orationis
1244 1973 1453 2046 praemittenda,
1468 1974 1536 2043 agit,
1554 1972 1648 2043 ltulur,
1674 1987 1725 2029 een
1751 1973 1811 2042 jrm
1839 1971 1908 2026 alibi

201 2058 295 2116 lusins
322 2070 509 2134 pertractato,
539 2064 643 2121 md
672 2065 844 2122 nonnullam
871 2065 1049 2123 mentionem
1080 2065 1219 2122 laetorum
1246 2064 1344 2120 luisse.
1373 2063 1453 2120 Certe
1492 2071 1588 2120 autem
1627 2062 1658 2119 in
1686 2062 1749 2132 ipso
1778 2061 1850 2118 libro
1877 2061 1910 2118 ds

200 2149 344 2220 Baptirore
369 2151 406 2206 ad
434 2151 522 2208 tinem
552 2154 667 2225 cap.l5
694 2153 893 2212 lectoressoos
922 2156 956 2211 ad
986 2154 1074 2211 alium
1091 2154 1125 2210 de
1154 2155 1254 2210 eodem
1284 2153 1520 2224 tractatum,iam
1550 2159 1636 2209 anter
1664 2150 1756 2209 Gracc
1783 2165 1909 2207 smera

201 2245 357 2307 exaratam,
373 2238 493 2298 solerter
507 2242 635 2299 remittit.
648 2242 716 2310 Quis
730 2259 796 2315 ergo
812 2243 887 2300 melo
901 2242 1012 2299 ridetur
1033 2243 1155 2314 opinari,
1169 2242 1194 2298 si
1222 2241 1371 2300 materiam
1401 2240 1476 2298 bane
1503 2239 1537 2296 da
1564 2240 1744 2306 Paenitentia,
1760 2252 1844 2310 quam
1872 2239 1908 2295 od

200 2329 311 2386 calcem
340 2327 407 2386 libri
435 2329 468 2386 dc
492 2331 573 2404 Bupt.
596 2331 731 2390 nonnihil
760 2333 874 2391 brevius
899 2332 1113 2405 perstrinxerat,
1129 2348 1203 2389 noro
1232 2330 1365 2398 consilio,
1381 2337 1407 2386 al
1437 2329 1468 2386 in
1484 2327 1619 2402 peculiari
1641 2327 1716 2385 libro
1739 2328 1907 2400 ampliorem

112 2473 115 2481 .
201 2417 265 2490 ejus
296 2418 494 2476 tractationem
523 2427 619 2491 postea
647 2421 807 2492 suscepisse
833 2422 955 2493 dicetur,
971 2429 999 2479 et
1024 2421 1140 2494 quidem
1170 2420 1272 2492 partim
1301 2419 1333 2477 in
1362 2418 1634 2476 catechumenorum
1662 2417 1794 2494 gratiam,
1824 2423 1855 2472 nt
1879 2410 1908 2472 ni

201 2519 235 2563 oo
266 2506 406 2578 majorem
434 2507 470 2565 de
499 2508 632 2580 baptismi
661 2510 751 2583 pretio
778 2511 998 2567 aertimationem
1027 2511 1225 2582 conciperent,
1241 2525 1324 2579 quem
1353 2507 1545 2578 intelligerent
1572 2514 1628 2563 tam
1649 2505 1802 2563 laboriosis
1815 2503 1908 2577 peni·

203 2595 304 2653 tentiaa
318 2597 452 2669 operibns
465 2599 692 2670 comparandum
707 2599 793 2657 esse‘l
807 2601 912 2668 Quidni
927 2616 993 2672 ergo
1007 2600 1039 2656 in
1065 2601 1109 2657 lais
1127 2615 1158 2656 se
1181 2615 1215 2656 eo
1235 2597 1390 2654 ardentiori
1409 2597 1546 2668 deinceps
1574 2595 1668 2654 studio
1684 2598 1860 2664 exercerent,
1876 2598 1909 2652 ot

202 2690 261 2742 tam
285 2685 399 2758 largiter
426 2688 603 2758 propositum
632 2688 765 2761 baptismi
793 2689 954 2767 praeruium,
971 2689 1089 2762 ejusque
1116 2688 1249 2761 gratiam,
1264 2703 1297 2744 eo
1318 2686 1425 2744 certios
1439 2691 1692 2757 consequerentur,
1707 2700 1797 2756 eoque
1820 2684 1908 2742 totins

202 2773 339 2846 deinceps
354 2777 580 2834 conservarent?
1693 2767 1696 2772 ¹

238 2865 367 2938 Denique
392 2883 458 2926 raro
487 2870 655 2941 praectarum
685 2871 720 2928 de
739 2870 794 2928 hoc
820 2869 893 2927 libro
919 2869 1060 2941 judicium
1090 2869 1267 2927 audiendum
1294 2868 1438 2940 est,qncd
1465 2867 1526 2939 ipse
1553 2865 1654 2924 Beatus
1683 2864 1911 2931 liltenrnus‚rir

203 2955 300 3028 magni
312 2955 426 3027 judieii,
442 2956 472 3013 in
490 2960 638 3028 praemisso
651 2959 687 3014 nd
712 2960 844 3017 eumdem
858 2967 1027 3032 argumento
1056 2958 1130 3030 tulit,
1141 2975 1246 3032 nempe
1264 2978 1275 3008 ι
1290 2959 1529 3016 commentarium
1559 2955 1636 3014 hune
1662 2971 1724 3012 esse
1752 2954 1909 3027 ejusmodi,

205 3050 238 3100 nl
253 3043 377 3117 theologi
389 3059 455 3102 eum
470 3045 594 3103 debeant
608 3047 642 3103 ad
657 3064 779 3119 unguem
805 3048 950 3117 ediscere3
967 3065 1033 3105 narn
1049 3049 1204 3120 egregium,
1221 3069 1236 3100 a
1252 3047 1353 3120 pergit,
1370 3068 1385 3097 «
1402 3050 1621 3103 monumentum
1641 3052 1683 3101 est
1710 3042 1910 3115 antiquitatis3

203 3139 261 3190 tam
279 3140 378 3191 sancte
393 3134 487 3205 docet,
503 3144 561 3191 mm
577 3137 622 3207 pie
635 3139 745 3207 euadat,
762 3142 819 3193 tam
844 3137 984 3194 instanter
999 3145 1079 3208 urget
1109 3153 1169 3194 rem
1190 3137 1393 3194 ecelesiastica
1413 3134 1576 3205 disciplinae
1596 3149 1778 3204 summopere
1806 3148 1909 3189 neees-

203 3223 317 3290 sariam,
334 3223 556 3292 Eronosocssut,
572 3225 627 3283 hoc
654 3233 706 3296 est,
720 3231 817 3284 actum
846 3233 873 3282 ot
898 3227 1091 3283 ministerium
1120 3226 1305 3298 paenitentiae.
1320 3247 1331 3276 s
1348 3224 1431 3282 Certe
1455 3230 1550 3280 autem
1576 3229 1606 3279 ut
1625 3221 1732 3294 passim
1747 3237 1782 3278 ex
1797 3220 1910 3277 'l'ertul-

202 3309 282 3368 liano
310 3312 413 3369 vetarir
439 3313 575 3372 Ecclesia
604 3315 772 3373 traditiones
796 3324 824 3372 ot
851 3315 1035 3389 disciplinam
1064 3316 1249 3386 addiscimus,
1265 3317 1304 3372 ita
1319 3314 1406 3372 etiam
1423 3313 1480 3384 hie,
1496 3311 1603 3382 insigni
1629 3319 1728 3369 contra
1754 3317 1906 3367 notatores

202 3407 317 3457 nostros
333 3399 464 3474 utilitate,
481 3405 597 3460 modum
609 3405 729 3476 agendae
744 3405 932 3476 penitentia,
947 3413 1033 3478 prout
1047 3420 1078 3462 ea
1095 3405 1195 3476 primis
1210 3421 1275 3461 mox
1286 3403 1399 3460 saeeulis
1413 3410 1442 3460 et
1457 3401 1554 3475 utique
1567 3418 1602 3458 ex
1616 3398 1773 3472 apostolica
1788 3397 1908 3456 institn-

203 3488 292 3555 tlone,
306 3489 352 3560 agi
367 3499 563 3559 consueverat,
580 3491 699 3562 pulchre
714 3493 861 3565 solidaque
875 3493 1022 3550 doeemur.
1037 3493 1123 3550 Luae.

239 3597 442 3650 transeamus.
462 3595 607 3670 Principio
626 3599 785 3666 generatim
800 3601 835 3657 de
850 3600 1021 3671 penitentia
1036 3606 1187 3672 pertractat
1202 3599 1276 3671 (esp.
1294 3598 1320 3671 i)
1336 3612 1457 3670 eamque
1486 3597 1678 3655 neeessariam
1707 3593 1830 3652 adstruit
1856 3610 1909 3664 pro

204 3679 338 3738 omnibus
367 3683 490 3753 peccatis
513 3693 541 3741 et
569 3685 691 3756 delictis,
707 3704 755 3745 seu
783 3704 882 3756 carne,
898 3704 947 3748 sou
967 3688 1082 3761 spiritu,
1098 3704 1146 3746 seu
1163 3688 1249 3754 laeto,
1263 3703 1313 3746 scu
1328 3685 1473 3744 voluntate
1487 3685 1651 3744 commissis
1678 3685 1751 3759 (cap
1769 3683 1808 3757 l).
1838 3683 1910 3740 Dein

203 3769 260 3826 duo
280 3769 430 3842 distinguit
456 3774 632 3844 penitentie
655 3793 770 3848 genera.
786 3778 866 3834 Prior
884 3785 936 3848 est,
960 3794 1023 3850 quae
1047 3777 1191 3850 brptismo
1215 3777 1300 3835 debet
1323 3777 1456 3849 premitti
1482 3793 1499 3834 a
1526 3776 1751 3842 catechumenis,
1772 3789 1821 3830 sau
1845 3788 1910 3844 qnae

203 3858 297 3929 agitur
319 3867 388 3918 ente
412 3859 585 3933 baptismum
608 3869 682 3937 (cap.
705 3867 753 3938 ⁶ll
776 3869 915 3938 posterior
938 3882 1051 3938 aarum,
1076 3867 1125 3938 qui
1148 3866 1178 3922 in
1204 3872 1319 3937 peecata
1343 3866 1440 3934 gravia
1464 3873 1528 3937 post
1560 3865 1733 3936 baptismum
1757 3863 1910 3920 inteliciter

203 3946 337 4019 lapsi,ex
362 3947 398 4005 ils
425 3959 581 4023 exsurgunt
610 3969 728 4024 operosa
756 3956 932 4028 penitentia.
952 3955 984 4012 ln
1015 3955 1100 4026 priori
1130 3968 1209 4026 parte
1223 3953 1422 4012 necessitatem
1437 3969 1500 4010 sese
1515 3953 1655 4026 prodendi
1681 3959 1774 4024 urget,
1790 3959 1817 4008 at
1846 3966 1910 4008 resa

204 4037 384 4106 properandi
406 4039 442 4093 ad
467 4037 600 4110 baptismi
623 4041 742 4112 gratiam
771 4059 836 4098 rere
855 4043 1034 4114 poenitentia.
1051 4041 1227 4114 Baptismum
1252 4041 1368 4098 inanem
1394 4057 1457 4098 esse
1471 4056 1530 4098 non
1550 4048 1662 4098 rasator
1689 4055 1826 4110 asserere,
1843 4054 1910 4096 eom

202 4123 327 4195 aliquem
342 4133 524 4196 peccatorum
549 4144 667 4186 suorum
692 4147 751 4187 nou
774 4132 918 4202 poenituit,
934 4147 989 4188 nee
1013 4131 1072 4189 rita
1095 4130 1268 4198 emendavit,
1284 4139 1312 4188 et
1333 4146 1437 4188 ranam
1461 4145 1523 4188 esse
1545 4128 1692 4202 fiduciam,
1707 4129 1763 4187 sibi
1791 4127 1909 4200 tingere,

202 4227 268 4271 cum
283 4216 347 4286 quis
362 4231 446 4287 pravo
460 4218 494 4272 ad
512 4217 645 4288 baptismi
661 4235 749 4291 usquc
764 4221 842 4277 diem
859 4221 970 4288 uixerit,
986 4237 1051 4278 eum
1067 4227 1184 4291 repente
1197 4219 1228 4276 in
1250 4220 1347 4278 virum
1367 4223 1499 4277 mactum
1525 4234 1686 4292 erasurum,
1700 4225 1730 4276 et
1750 4235 1768 4274 a
1792 4223 1908 4291 peceato

201 4301 371 4375 desiturum,
387 4303 436 4360 nbi
458 4304 585 4377 primum
613 4304 685 4364 illud
720 4318 932 4366 sacramentum
964 4309 1103 4381 receperit
1117 4313 1193 4381 (cap.
1208 4307 1247 4381 6).
1264 4308 1413 4366 Tractatns
1433 4309 1518 4380 lanius
1545 4325 1611 4380 pars
1636 4303 1776 4380 posterior
1803 4313 1846 4364 est
1873 4306 1910 4364 de

201 4391 376 4462 penitencia
398 4399 463 4464 post
490 4393 673 4466 baptismum,
690 4412 753 4468 quaa
779 4397 992 4469 Exomologesis
1017 4399 1133 4456 dicitur.
1149 4397 1280 4454 Testatur
1302 4412 1365 4469 eap.
1391 4397 1420 4466 7)
1442 4395 1521 4454 illico
1544 4412 1575 4454 ss
1590 4411 1665 4467 aegre
1678 4397 1713 4454 de
1729 4395 1782 4452 ltro
1810 4401 1906 4466 posto·

201 4479 276 4536 riore
294 4481 463 4555 paenitentia
485 4482 574 4554 loqui,
590 4499 653 4555 quae
674 4495 819 4556 postrema
842 4502 907 4556 spes
930 4494 973 4544 est
996 4486 1032 4544 iis
1057 4486 1175 4558 reliqua,
1200 4485 1250 4556 qui
1281 4484 1464 4554 criminibus,
1489 4485 1520 4542 lt.
1545 4501 1571 4542 e.
1602 4483 1727 4557 peccatis
1764 4483 1909 4542 atrocibus

201 4573 266 4640 port
281 4569 454 4642 baptismum
469 4572 735 4644 seobstrinxeruut,
750 4592 796 4643 ne,
812 4576 918 4649 inquit,
934 4578 969 4633 de
989 4577 1043 4636 hac
1067 4591 1141 4634 nora
1159 4592 1176 4631 a
1196 4575 1320 4646 peccatis
1344 4575 1515 4648 exsurgendi
1543 4575 1655 4634 ratione
1673 4573 1793 4646 agendo,
1807 4591 1826 4630 a
1852 4574 1908 4630 ileo

201 4657 285 4716 nobis
303 4659 406 4730 oblata,
422 4661 457 4718 dc
481 4678 554 4719 noro
574 4665 712 4734 peccandi
739 4666 812 4721 riam
832 4665 943 4737 aperire
967 4665 1104 4720 videatur.
1125 4663 1206 4720 illius
1228 4671 1328 4737 postea
1351 4663 1527 4737 poenitentie
1552 4663 1674 4734 publicae
1693 4661 1909 4732 Exomologesis

199 4747 282 4806 diotae
297 4765 415 4822 operosa
429 4750 556 4823 depingit
571 4753 705 4810 exercitia
721 4755 793 4824 (cap.
811 4754 851 4825 9),
866 4755 928 4826 ejus
942 4753 1143 4812 necessitatem
1156 4754 1333 4811 demonstrat
1346 4756 1420 4826 (cap.
1439 4755 1497 4825 ll),
1511 4768 1545 4811 ac
1560 4753 1676 4810 undem
1691 4767 1741 4810 eos
1765 4751 1908 4824 objurgat,

198 4853 270 4910 quor
284 4854 346 4896 eom
361 4839 496 4912 amplecti
509 4841 644 4913 pudebat,
661 4843 831 4902 criminibus
846 4850 909 4915 post
925 4843 1100 4917 baptismum
1115 4841 1250 4902 admissis
1262 4843 1338 4916 (cap.
1355 4843 1412 4915 10).

407 5214 508 5272 md
526 5215 640 5273 uuPttu
660 5215 816 5275 PRIMUM.
1078 5215 1136 5290 ipsi
1151 5221 1228 5272 retro
1243 5214 1365 5282 luimus,
1377 5213 1457 5280 ceci,
1472 5211 1662 5270 sinettomini
1674 5210 1907 5280 lumine,natnra

233 5301 435 5360 Paenitentiam
451 5303 491 5376 (1)
504 5303 560 5362 hoc
579 5320 673 5378 genus
697 5305 863 5376 hominum,
895 5306 973 5378 quod
994 5311 1024 5364 et
1076 5300 1741 5378 tenusnoruntpaasionemanimiquandam
1758 5315 1907 5374 essequa

915 5451 1177 5516 Commentarios.

231 5571 270 5645 (1)
284 5573 376 5630 Multa
391 5574 472 5630 luere
485 5571 556 5629 olim
570 5575 599 5630 et
613 5572 760 5630 recentius
788 5573 871 5632 docte
900 5575 1016 5649 sapien·
1071 5575 1160 5632 simol
1175 5574 1211 5631 do
1228 5572 1383 5646 multiplici
1395 5575 1528 5630 remmam
1542 5569 1777 5630 christianornm
1807 5566 1900 5642 preci·

197 5645 299 5717 terque
314 5645 393 5703 dicta
414 5646 451 5703 de
472 5643 595 5718 huiusce
619 5641 686 5702 libri
714 5649 898 5720 argumento,
926 5647 1020 5714 multa
1074 5646 1219 5718 laeliano
1234 5645 1397 5723 presertim
1411 5644 1448 5704 de
1460 5659 1496 5704 oa
1509 5659 1573 5719 que
1587 5647 1705 5706 rcertrr
1718 5637 1898 5712 Εοοοιοὶοοι·
