4134 6184
121 341 141 394 'a
228 343 305 406 ll'itl
487 339 751 404 ruurdbtlaul
774 337 934 402 uruuusl
958 337 1663 414 rsus1.-suu1us1,arutuuurlcs.
1832 345 1900 407 ulcu
2008 403 2009 416 ,

230 473 379 548 designari
393 472 523 530 bibiane
537 471 673 529 factionis
696 470 830 528 conscios
854 470 1052 542 fautoresque,
1067 472 1093 540 Α
1109 473 1240 526 ratarum
1266 470 1371 538 salute,
1395 487 1485 544 quam
1510 471 1582 528 falsa
1609 470 1757 544 gentilium
1787 477 1854 544 rete,
1875 489 1904 530 ae
2008 509 2009 532 r

232 564 282 638 qui
297 565 328 620 in
343 561 441 620 Severi
456 561 642 635 imperatorie
655 561 1056 635 pernicicmoonjureverent.
1113 562 1195 615 tanto
1210 559 1307 616 studio
1318 560 1465 618 ethonore
1477 561 1666 634 imperatores
1677 561 1905 635 cclcbant,quantc
2008 557 2009 560 ’

230 653 348 711 Plenius
359 667 478 725 quoquc
491 651 564 708 illud
576 651 616 707 ibi
627 649 937 720 enucleavimue,qucd
951 649 1060 704 ductor
1113 647 1202 705 iidem
1222 649 1332 706 etbnioi
1362 649 1428 706 odio
1450 665 1500 708 eos
1530 649 1783 724 prosequebantur.
1807 651 1905 708 illenim

231 749 333 803 nectar
346 741 472 816 adfecit:
493 765 503 793 ι
521 742 629 798 Eadem
645 741 741 796 officia
757 740 935 812 dependunt,
951 742 980 794 et
1007 748 1058 810 qui
1118 736 1239 809 apiatas
1253 742 1283 794 et
1296 737 1398 812 religio
1411 743 1440 796 et
1465 739 1549 808 fides,
1572 739 1668 812 inquit
1690 741 1791 796 Auctor
1812 745 1907 809 noster,

231 833 410 908 astrologos,
426 837 455 889 et
470 830 630 904 aruspices,
646 836 675 887 et
687 846 825 904 augures,
847 834 876 886 ct
900 843 1000 901 magos
1024 827 1060 884 de
1114 825 1342 898 imperatoribus
1357 827 1464 897 debita,
1490 845 1548 884 non
1575 829 1605 883 in
1634 827 1795 900 hujusmodi
1818 829 1907 885 officiis
2008 845 2009 900 f

231 923 376 980 Cesaram
394 921 489 994 capite
511 919 714 977 consultant»
737 918 871 991 (Tertull.
900 916 956 973 luc.
983 915 1059 986 eit).
1115 915 1259 983 consistit,
1275 915 1385 988 quibus
1397 915 1543 973 hostilitas
1559 917 1653 990 magis
1676 917 1712 972 ad
1735 913 1907 974 velamentum

231 1013 291 1072 Gur
307 1013 385 1068 enim
401 1027 452 1068 eos
469 1013 549 1066 tanta
578 1008 748 1066 curiositate
772 1008 976 1077 consulebant,
1001 1005 1058 1061 nisi
1115 1005 1161 1062 sui
1176 1009 1272 1078 petest
1284 1003 1366 1079 fungi
1380 1027 1394 1056 a
1412 1006 1661 1078 (scammoneae.
1676 1021 1741 1078 esp.
1759 1006 1800 1076 36,
1812 1023 1837 1078 p.
1848 1007 1908 1079 ltu),

233 1101 303 1177 quie
318 1105 371 1157 aut
397 1099 566 1174 cogitabant
589 1099 625 1154 da
653 1097 753 1153 futura
780 1099 928 1154 Cesaram
955 1098 1059 1166 morte,
1115 1095 1144 1151 id
1160 1100 1215 1167 est,
1231 1096 1340 1168 quibus
1358 1094 1460 1167 religio
1475 1096 1531 1152 eub
1547 1094 1695 1151 umbratili
1713 1093 1789 1151 falsa
1811 1094 1911 1166 pietatis

232 1209 321 1265 quam
333 1201 410 1246 certa
425 1189 584 1261 cupiebant
596 1187 675 1244 brevi
685 1190 814 1258 ternpore
827 1185 953 1240 futuram
963 1184 977 1239 ‘l
987 1187 1060 1238 Nam
1113 1184 1194 1242 lurra
1207 1191 1302 1258 petest
1314 1185 1458 1258 perfidum
1486 1183 1682 1256 hostilemque
1704 1182 1840 1240 occultare
1858 1185 1910 1240 ani·

230 1281 416 1340 continenter
430 1277 480 1334 illo
495 1277 587 1334 dixit:
606 1277 663 1333 flam
677 1293 711 1332 ee
740 1284 830 1331 menes
853 1274 885 1330 de
902 1272 1005 1339 cteris,
1031 1271 1060 1327 id
1116 1293 1209 1333 mum.
1227 1280 1263 1332 llt
1278 1275 1370 1350 pietas
1385 1279 1413 1332 et
1428 1273 1529 1349 religio
1545 1274 1684 1332 residet«
1700 1275 1729 1331 in
1744 1273 1779 1331 iis
1789 1274 1911 1347 muribus,

229 1376 276 1428 est
303 1366 529 1440 consanguineis
559 1370 649 1438 atque
677 1363 860 1438 parentibus,
895 1362 1060 1450 remetitur,
1115 1364 1363 1440 quibusoivilitas
1379 1371 1439 1422 tam
1466 1381 1532 1422 aare
1553 1363 1584 1422 in
1609 1363 1820 1438 imperatorem,
1840 1381 1912 1437 quam

229 1475 284 1533 quc
299 1457 332 1516 ste
347 1457 467 1516 demine
481 1453 617 1528 (Tertull.
632 1453 689 1512 loc.
710 1453 761 1509 cit.
792 1468 859 1525 pag.
885 1451 958 1521 45⁰),
987 1466 1061 1523 quoe
1116 1455 1194 1512 eirea
1203 1470 1306 1512 omnes
1316 1454 1404 1512 babet
1418 1453 1636 1510 exhiberialts
1646 1453 1763 1526 quidem
1772 1455 1912 1510 exWoure·

128 1595 132 1604 ,
230 1549 344 1608 sincere
359 1563 417 1602 non
433 1543 596 1617 diligimus.
615 1543 653 1599 lie
667 1542 771 1615 primis
787 1540 936 1614 siquidem
951 1541 1061 1596 curiose
1115 1544 1321 1614 rienooodice,
1348 1543 1570 1617 atquibusdem
1598 1542 1806 1600 recentioribus
1828 1543 1913 1599 alitio·

229 1646 279 1711 eet,
297 1637 338 1693 ait
352 1635 412 1705 ille,
427 1634 587 1691 sollicitudo
604 1633 761 1704 annositate,
777 1630 832 1688 boc
847 1636 903 1696 est,
930 1627 1059 1700 illorum,
1116 1633 1215 1690 nibus.
1232 1637 1266 1688 ln
1280 1631 1496 1706 antiquioribus
1511 1647 1578 1689 vere
1599 1636 1629 1689 et
1654 1633 1761 1690 nostris
1784 1631 1914 1688 codicibus

229 1727 340 1800 quibus
366 1725 469 1781 1⁰82
499 1721 640 1796 sauguine
667 1719 817 1794 conjuncti
842 1735 959 1791 sumus,
987 1735 1060 1791 quos
1115 1721 1327 1794 manuscriptis
1341 1721 1458 1795 legitur,
1475 1721 1511 1780 iis
1527 1743 1539 1776 ι
1557 1721 1699 1794 moribus,
1711 1721 1814 1794 quibus
1825 1719 1914 1777 diuini·

229 1815 350 1889 quidem
365 1814 503 1886 cupimus
521 1828 586 1870 esee
616 1809 798 1868 incolumes:
825 1808 883 1864 alia
904 1823 972 1864 vere
999 1823 1060 1865 ser·
1075 1839 1099 1905 B
1114 1815 1160 1868 tas
1174 1812 1311 1885 imperat,
1327 1816 1387 1868 tum
1402 1828 1478 1883 vare,
1504 1827 1594 1884 quam
1622 1810 1701 1868 cirea
1725 1827 1831 1881 omnes,
1845 1831 1858 1861 e
1871 1813 1913 1866 etc.

227 1906 335 1972 veum,
357 1903 454 1974 cujus,
481 1899 600 1974 jugum,
635 1897 751 1956 sublato
775 1897 905 1966 domino,
936 1896 1060 1970 quilibet
1114 1901 1216 1973 (leitil.
1246 1901 1348 1958 Nonne
1367 1905 1466 1958 autam
1492 1904 1537 1958 tot
1555 1899 1726 1958 vetustioris
1753 1899 1915 1970 meliorisque

229 1990 811 2060 seruuscitoeitiusdiscutersexoplat.
839 1987 936 2043 'fuum
959 1990 1058 2042 tumen
1115 1995 1190 2046 note
1217 1990 1352 2046 codicum
1382 1988 1543 2046 auctoritas
1572 1989 1706 2060 majoris,
1737 2005 1822 2061 quam
1845 1986 1915 2043 unius

232 2098 270 2138 ne
283 2078 436 2136 induxeris
451 2078 480 2132 in
497 2077 627 2134 animum
644 2075 769 2148 primam
780 2074 816 2131 de
827 2074 1059 2148 propinquorum
1113 2077 1314 2148 Wouveriani,
1329 2081 1374 2134 est
1388 2077 1548 2150 ponderis?
1576 2078 1681 2135 1068
1709 2077 1806 2150 Neque
1827 2075 1915 2134 dixeris

235 2169 332 2228 salute
358 2166 604 2224 annuntiationem
633 2163 814 2221 Tertulliano
842 2163 970 2236 probari.
997 2161 1060 2218 No'u
1116 2168 1367 2239 nomencivils'tas,
1383 2167 1563 2240 quooivium
1584 2168 1710 2224 societas
1731 2171 1760 2225 et
1782 2164 1915 2224 concordis

233 2258 313 2316 aliud
329 2256 438 2330 quippe
454 2255 610 2328 significat,
628 2252 683 2309 nisi
698 2252 888 2326 posteriorem
906 2253 941 2307 de
965 2251 1060 2307 Gaesa-
1116 2255 1310 2330 significatur,
1335 2255 1430 2330 magis
1455 2257 1608 2313 conuenire
1633 2254 1806 2313 'fertulliani
1830 2269 1915 2328 prepu-
2008 2241 2009 2250 ¹

233 2363 300 2404 rum
312 2344 432 2402 interitu
449 2359 513 2400 esse
528 2342 583 2399 bac
597 2342 684 2414 longe
699 2340 838 2414 pejorem.
848 2343 957 2396 Omnes
967 2339 1060 2396 enim·
1116 2347 1182 2405 sito.
1197 2346 1239 2403 De
1254 2345 1387 2402 moribus
1401 2345 1550 2405 enimvero
1569 2343 1701 2416 loquitur
1726 2362 1741 2402 a
1765 2345 1821 2400 lieo
1842 2344 1916 2414 impe·

232 2451 299 2492 vero
327 2448 482 2506 magorum
512 2430 744 2488 consultationes
773 2429 860 2502 plane
884 2429 1062 2502 penitusque
1115 2434 1199 2503 ratio,
1215 2435 1324 2508 quibus
1339 2434 1441 2508 religio
1456 2440 1487 2491 et
1501 2434 1593 2506 pietus
1607 2433 1638 2490 in
1654 2433 1855 2507 imperatorem
1867 2447 1917 2488 om·

234 2524 422 2591 condemnet,
437 2525 538 2593 utpote
552 2520 589 2576 ab
604 2520 721 2588 creetis,
736 2518 834 2590 inquit
847 2517 952 2589 (leid),
968 2517 1060 2574 deser·
1116 2539 1226 2596 nesquc
1241 2522 1315 2580 alios
1328 2522 1458 2580 exbiberi
1473 2523 1569 2580 debet.
1582 2523 1655 2580 Nam
1670 2523 1741 2581 lnce
1767 2524 1850 2580 etiam
1872 2518 1916 2575 evi-

238 2613 353 2678 tors'bns,
370 2616 403 2667 ut
426 2626 515 2684 supra
546 2609 683 2679 vidimus,
705 2607 842 2680 proditas,
867 2608 994 2663 tlaDso
1016 2607 1060 2662 til·
1116 2608 1918 2686 dentiaedemonstretanbristianos,quiDeisuilegibus
2008 2635 2009 2640 ι

239 2700 367 2758 tendutur
381 2700 489 2772 (supr,
506 2703 561 2754 cri·
577 2699 615 2766 5)·
1117 2718 1174 2760 non
1191 2717 1292 2774 perere
1308 2699 1391 2757 nefas
1405 2701 1562 2772 ducebant,
1586 2699 1702 2758 sincero
1727 2699 1823 2758 animo
1844 2699 1919 2768 impe·
2008 2705 2009 2752 ἕ

274 2807 344 2872 Quis
355 2821 504 2880 porronon
514 2804 631 2861 horreat
642 2805 800 2860 immonem
812 2803 916 2861 horum
927 2802 1060 2859 omnium
1117 2793 1243 2848 ratonem
1260 2790 1459 2860 honoravisse,
1474 2806 1507 2846 ac
1523 2790 1645 2861 proinde
1657 2805 1711 2846 nee
1725 2789 1823 2846 hostes
1844 2786 1919 2842 fuisse

238 2895 404 2970 perfidiam,
431 2895 478 2966 qui
511 2895 595 2950 «sub
621 2893 686 2966 ipsa
713 2892 1061 2967 usqueimpietetiecru·
1116 2875 1502 2954 publicos,necrabsloesee
1518 2878 1842 2950 majestatisbumane.

240 2985 338 3060 ptioue
353 2989 383 3041 et
397 2999 481 3041 saera
494 2982 642 3038 faciebant
655 2998 707 3056 pro
722 2981 817 3038 salute
840 2980 1060 3054 imperatorie...

240 3081 273 3132 ut
289 3079 353 3132 sota
369 3073 559 3148 proprisium
576 3071 724 3129 edicerent
738 3071 769 3127 in
783 3069 879 3128 aliana
907 3069 1061 3144 [nimirum
1425 3036 1584 3078 mmm
1603 3035 1633 3076 V·

236 3165 432 3238 imperatoris]
449 3160 644 3233 solemnitate,
660 3163 687 3216 rt
702 3159 869 3234 exemplum
886 3163 971 3234 atque
988 3159 1061 3216 lma·
1117 3128 1743 3257 Quc‘fjint⁶i²i⁶⁵iaes⁰i‘i⁰'‘.⁶⁸·wiffam
1765 3127 1798 3182 αὖ
1820 3127 1856 3210 ‘ff
1876 3121 1921 3177 ‘¹⁸³'
2008 3143 2009 3150 '

1198 3209 1244 3269 pet
1257 3216 1305 3272 pac
1319 3203 1433 3256 eruenda
1448 3203 1520 3256 rutro
1536 3199 1834 3271 deminutumque
1842 3208 1911 3278 senne

237 3253 336 3326 ginern
353 3251 414 3324 spei
430 3267 489 3307 suae
504 3249 727 3322 inaugurarent,
744 3265 848 3307 nornen
865 3249 1007 3323 principis
1031 3224 1098 3304 inC
1153 3275 1208 3328 ,520
1222 3274 1335 3344 sam-0„-
1347 3272 1518 3341 censentes,
1571 3273 1600 3327 ,g
1609 3271 1827 3343 ,mmmm
1847 3270 1922 3339 [ψ.

240 3343 327 3398 corde
355 3344 534 3396 mutantes»
560 3337 692 3412 (Tertull.
714 3337 860 3410 -dpoquet
891 3355 916 3394 a.
945 3339 990 3404 35,
1031 3353 1060 3410 p.
1153 3346 1382 3414 tententuptclee
1409 3287 1630 3416 temqueiinws
1654 3343 1923 3410 monetaneum

239 3430 314 3504 459),
331 3431 358 3486 id
375 3433 429 3499 eet,
446 3429 513 3484 fleta
528 3445 649 3500 prorsus
669 3444 720 3501 pro
746 3427 841 3482 salute
866 3426 1062 3499 imperatoris,
1151 3414 1222 3473 eltis
1236 3414 1383 3486 prohibitis
1399 3415 1527 3486 Epicurei
1540 3421 1566 3470 et
1578 3415 1632 3470 etii
1646 3414 1833 3486 indulgebant.

239 3537 271 3577 ¹¹⁰
287 3537 356 3576 vm
371 3536 423 3592 9⁹⁰
438 3517 518 3574 imus
534 3523 637 3588 '⁰⁰⁸²’
653 3516 830 3618 Pipf‘ffim
855 3517 919 3588 Ψ*
943 3531 1062 3573 ⁸⁰⁰⁰⁰⁵‘
1152 3537 1247 3596 Nullis
1271 3555 1400 3611 unquam
1427 3507 1604 3605 rationibus·
1627 3542 1718 3595 etiam
1742 3531 1921 3594 validissimis,
2008 3587 2009 3592 ,

241 3613 386 3666 ⁸⁰r⁰⁷⁰²²
414 3610 629 3706 ⁰⁰⁰⁰¹¹P²¹¹¹t⁰⁵1
654 3605 734 3662 ἨΜ
754 3621 860 3661 ¹¹⁰¹¹¹⁰¹¹
889 3620 938 3662 0‘9
964 3609 1062 3675 t⁰¹¹¹¹⁸r
1117 3627 1213 3684 sedari
1228 3627 1323 3700 potuit
1335 3625 1522 3699 implacabile
1536 3627 1696 3699 gentilium
1721 3627 1752 3684 in
1764 3625 1922 3683 Christianos
2008 3601 2009 3622 ¹

238 3697 359 3753 alterius
384 3700 481 3752 sutem
508 3697 612 3750 intimo
640 3695 726 3750 eorde
754 3693 962 3767 appellabant?
987 3693 1062 3758 Quid
1117 3713 1587 3788 Miumnedmafflsmwime
1615 3711 1920 3771 olamiubantfflorum
2008 3739 2009 3764 ¹

242 3788 340 3841 ΜΘΝ
357 3785 412 3840 ¹¹⁸⁰
428 3783 548 3857 perfidifl
562 3785 657 3856 m⁸ssi⁸
672 3781 901 3839 d⁰i⁰⁸i²¹¹d⁰¹ni
1118 3805 1285 3874 factionem,
1306 3809 1336 3860 et
1359 3804 1585 3876 imperatoribus
1608 3806 1637 3860 et
1667 3801 1832 3876 reipublice
1853 3799 1923 3872 plene
2008 3783 2009 3788 ’

274 3891 372 3948 llirari
387 3892 487 3964 itaquo
503 3890 576 3947 satis
601 3906 658 3946 nun
683 3906 842 3962 possumus
867 3891 1063 3946 temeritatem
1118 3893 1306 3961 contrariam,
1317 3891 1498 3948 evellendam
1509 3907 1574 3949 cese
1585 3890 1808 3948 radicitue.fton
1818 3889 1923 3945 obscure

240 3979 438 4046 ethnicorum,
453 3979 503 4052 qui
518 3995 585 4035 eum
601 3983 646 4035 tut
660 3979 801 4050 exemplis
829 3979 929 4036 bootes
953 3977 1062 4051 publici
1119 3987 1216 4038 autem
1234 3979 1433 4038 Tertullianus
1447 3979 1546 4036 innuit
1562 3980 1698 4037 factionis
1714 3995 1818 4036 nomen
1838 3976 1863 4032 in
1883 3975 1924 4029 bo·

240 4069 356 4126 etloeees
386 4067 550 4140 majestatis
580 4066 754 4138 nituerint,
785 4067 909 4139 hujusce
930 4067 1064 4124 criminis
1119 4087 1188 4126 nam
1205 4069 1498 4142 malamquepartem
1523 4067 1615 4142 accipi
1637 4066 1774 4140 (Tertull.
1802 4063 1924 4138 sponoe.

240 4157 422 4215 Christianos
438 4155 523 4230 plana
534 4156 704 4212 inuocantes
715 4156 1065 4229 impudentissimesccu-
1120 4176 1184 4234 cap.
1198 4159 1244 4224 38,
1260 4175 1289 4230 p.
1305 4158 1379 4230 aci).
1399 4158 1500 4214 festus
1515 4173 1641 4229 quoque.
1671 4178 1686 4208 o
1704 4156 1812 4228 Fectio,
1835 4148 1925 4224 inquit,

240 4248 355 4304 eabsnt.
370 4245 476 4302 Nullus
495 4245 642 4301 enimuero
660 4244 737 4300 inter
760 4249 803 4299 tot
827 4244 991 4315 perduelles
1015 4243 1065 4301 bo·
1120 4253 1149 4304 et
1163 4247 1302 4304 factiosus
1318 4246 1401 4303 initio
1429 4246 1554 4303 benaein
1580 4245 1725 4303 vocabula
1747 4246 1836 4302 erant.
1858 4239 1926 4296 Unde

240 4343 360 4409 sleeqne
373 4333 508 4408 publicos
521 4331 707 4390 Christianus
719 4347 849 4404 unquam
863 4331 1065 4404 deprebensae
1120 4337 1208 4394 etiam
1223 4335 1365 4392 factiones
1380 4335 1560 4392 histrionum
1576 4340 1605 4392 et
1614 4337 1828 4408 quadrigarum
1839 4329 1926 4387 dieun-

241 4429 297 4480 082·
312 4423 454 4491 QU⁰⁰ir⁰⁸
468 4424 504 4480 td
519 4421 673 4495 Stsspuifltss
697 4419 801 4476 Afrissae
825 4421 978 4494 proetidem
1003 4420 1064 4479 hoec
1120 4432 1180 4484 tur.
1196 4426 1278 4482 llode
1294 4427 1392 4482 autem
1409 4424 1527 4481 nomine
1544 4425 1679 4481 factionis
1690 4424 1806 4489 seditio,
1821 4424 1848 4477 et
1859 4428 1927 4474 arms

243 4507 442 4568 Tertullianus
458 4515 559 4568 noster
573 4510 693 4583 scripsit
705 4509 735 4564 in
750 4509 856 4566 uerba:
873 4531 887 4561 a
903 4509 985 4566 Circa
1001 4527 1064 4567 ma·
1119 4518 1262 4572 vocantur
1277 4537 1291 4565 ι
1313 4515 1400 4584 (Fert.
1432 4515 1467 4570 rte
1489 4513 1591 4587 signif,
1617 4515 1694 4570 norb.
1720 4529 1783 4586 cap.
1806 4513 1831 4578 2,
1854 4505 1884 4563 ad
1904 4518 1925 4556 r.

238 4603 376 4674 jestatem
391 4599 580 4673 imperatorie
596 4599 776 4656 infamamur
787 4623 794 4666 3
805 4603 904 4655 tamen
917 4616 1068 4672 nunquam
1083 4594 1107 4659 Ι)
1122 4604 1235 4677 Fectio).
1251 4603 1430 4659 Circensium
1446 4601 1535 4659 etism
1551 4603 1725 4670 factionum,
1739 4617 1812 4675 quas
1835 4589 1927 4653 ethnici

244 4687 401 4759 Albiniani,
419 4703 472 4746 nac
487 4687 630 4761 Nigriani,
646 4687 690 4746 sel
706 4687 835 4745 (laeetani
865 4687 988 4746 inveniri
1013 4704 1066 4761 po·
1122 4693 1217 4750 melas
1231 4707 1297 4749 esse
1312 4708 1369 4749 non
1386 4693 1539 4764 putabant,
1555 4690 1665 4748 mentio
1679 4690 1790 4764 smptus
1813 4687 1881 4742 faeta
1892 4681 1929 4735 cel

243 4783 367 4836 luerunt
379 4775 539 4836 Christiani
553 4797 560 4846 ς
575 4777 627 4834 sed
647 4774 736 4833 iidem
752 4775 821 4849 ipsi,
837 4777 888 4849 qni
901 4793 952 4850 per
966 4777 1067 4850 genios
1121 4782 1151 4838 in
1166 4781 1296 4839 suetonii
1312 4780 1374 4853 (lib.
1397 4797 1424 4850 r,
1449 4781 1483 4837 ate
1507 4779 1603 4838 cuae.
1620 4781 1675 4848 55,
1698 4785 1729 4836 et
1751 4777 1801 4835 lib.
1824 4789 1879 4838 eru,
1903 4767 1930 4823 de

244 4883 358 4938 eorum,
376 4887 390 4918 e
406 4867 482 4924 sieut
492 4881 584 4938 supra
593 4865 787 4936 ostendimus,
801 4887 815 4916 s
828 4865 856 4922 ln
870 4865 963 4939 pridie
973 4883 1067 4940 usque
1121 4873 1200 4929 eom.
1217 4888 1281 4945 cap.
1296 4871 1335 4944 7),
1351 4871 1516 4929 cassiodori
1529 4871 1594 4940 (lib.
1611 4887 1642 4927 ιιι
1662 4871 1771 4926 Verior.
1786 4865 1865 4940 epist.
1891 4857 1928 4924 tl,

240 4953 485 5028 juraverunt,qui
503 4954 779 5027 prosalutecorum
797 4953 910 5011 hostias
939 4960 966 5011 et
990 4955 1067 5012 fece·
1123 4977 1188 5034 pag.
1220 4961 1266 5029 56,
1288 4959 1344 5017 col.
1372 4959 1412 5033 2),
1442 4957 1628 5032 aliorumque
1655 4958 1742 5015 libris
1769 4961 1798 5012 et
1823 4945 1929 5009 dirersis

244 5048 312 5100 rant
325 5047 515 5110 etvoverunt,
537 5042 587 5115 qni
612 5040 794 5100 Christianus
815 5059 890 5114 sepe
914 5045 1069 5100 damnave-
1122 5049 1376 5124 inscriptionibus,

243 5135 320 5201 rant,
336 5131 435 5189 hostes
454 5146 554 5187 eorum
570 5134 640 5186 eunt
654 5129 771 5203 reperti.
788 5129 971 5188 Christianus
1000 5132 1068 5189 nul·
1156 5137 1357 5195 Tertullianus
1370 5137 1469 5212 itaque
1494 5136 1628 5196 ethnicos
1654 5132 1837 5210 gravissimis
1862 5125 1930 5185 bisce

243 5220 303 5278 ¹³⁰⁸
317 5225 363 5278 θῡῑ
378 5221 484 5290 h⁰³iifls
501 5221 610 5276 ”lidum
627 5218 825 5290 imperatoris,
841 5235 928 5289 [luem
939 5220 1035 5277 sciens
1051 5238 1068 5278 a
1120 5227 1218 5284 verbis
1233 5226 1380 5301 castigat:
1396 5248 1410 5278 a
1425 5225 1548 5282 Proinde
1563 5242 1615 5282 nec
1641 5223 1730 5298 paulo
1755 5220 1847 5278 lenius
1866 5216 1929 5270 inter

245 5310 304 5367 1³⁰⁰
319 5310 524 5376 ftssfliiiuiffl,
539 5311 763 5364 11⁰⁰⁰⁸⁸00⁸i¹¹i
780 5311 808 5362 θῑ
832 5307 930 5379 ΨΜ
952 5309 1067 5383 diligit.
1122 5316 1218 5373 licitus
1255 5315 1396 5372 factiones
1424 5320 1536 5372 sectam
1564 5314 1651 5371 istam
1690 5296 1929 5382 [Christianorum]

243 5411 273 5456 et
288 5404 465 5468 reversatur,
480 5402 509 5453 et
522 5396 655 5462 honoret,
670 5399 700 5451 at
713 5393 824 5451 salvum
839 5396 911 5453 velit
924 5413 991 5454 cum
1007 5403 1067 5456 toto
1123 5403 1256 5474 deputari
1276 5402 1439 5473 oportebat,
1456 5417 1472 5456 a
1487 5417 1546 5472 qua
1560 5398 1634 5455 nihil
1662 5398 1720 5454 talc
1744 5389 1927 5454 committitur,

244 5491 375 5544 Romano
391 5483 514 5558 imperio
530 5505 545 5535 a
560 5484 664 5556 (idem,
680 5482 732 5538 lib.
748 5483 784 5538 ed
798 5483 925 5558 Seenput.
939 5502 1003 5561 cap.
1027 5489 1067 5560 2).
1123 5491 1210 5565 quale
1225 5490 1261 5546 de
1286 5490 1397 5546 illicitis
1422 5489 1600 5546 factionibus
1621 5485 1719 5545 timeri
1743 5483 1840 5542 solete
1863 5475 1929 5546 (fer-

243 5577 299 5634 Sed
314 5578 375 5633 hcc
390 5576 464 5634 setis
480 5591 496 5630 a
511 5573 596 5630 nubis
611 5587 702 5643 supra
716 5572 871 5644 explanata
885 5581 964 5634 eunt.
1122 5578 1187 5637 tull.
1209 5579 1345 5652 Apeloqet.
1370 5593 1435 5652 cap.
1456 5579 1502 5648 38,
1527 5593 1556 5651 p.
1583 5575 1654 5650 tbi).
1682 5573 1823 5632 lleraldue
1844 5568 1927 5623 autem

278 5664 349 5726 Tm
363 5679 431 5722 tm
445 5663 545 5736 it“llll
559 5665 643 5718 Μ
656 5659 889 5720 Chffliifflffiffl
904 5683 956 5740 ΡΝ
973 5668 1068 5744 'imps-
1122 5671 1226 5730 eontra
1238 5668 1383 5742 omnium,
1394 5667 1456 5727 slve
1465 5668 1623 5742 editorum,
1650 5663 1712 5724 slva
1733 5653 1926 5730 manuscripto·
