4068 6186
224 237 284 299 dl3
484 236 748 300 submutant
769 230 933 297 OPERUM
953 231 1055 292 PARS
1077 229 1310 292 t.-senlus
1332 230 1357 306 i,
1379 229 1662 296 aromatarium
1726 255 1728 260 ’
1843 241 1894 303 etit

259 374 303 429 to.
320 370 608 444 Podeutigiturdeca
620 371 656 427 eb
672 369 791 426 homino
807 367 934 425 delendi.
950 366 1048 423 Elian·
1061 367 1088 434 Α
1104 381 1172 438 ergo
1188 369 1259 420 tuce
1275 365 1369 437 primo
1384 366 1613 438 contempsistis,
1629 383 1681 424 con
1696 370 1774 426 veriti
1799 373 1897 432 scilicet

223 461 283 516 dits
294 461 357 532 jam
368 459 598 531 omniavenena,
614 458 714 516 omnia
728 456 883 515 calumniae
898 455 958 512 tela
972 454 1048 510 inili-
1103 451 1145 511 ita
1157 452 1322 522 instituere,
1340 457 1372 510 ut
1386 469 1487 511 omnes
1503 452 1558 511 ooli
1569 470 1626 512 nou
1651 463 1773 528 possent.
1794 461 1894 519 Atacino

223 549 363 622 gilebuic
378 548 500 616 nomini,
518 564 575 604 non
592 548 712 604 manebo
727 548 806 603 ultra
830 543 988 618 repellere;
1019 545 1049 600 at
1102 542 1145 598 ilii
1161 542 1416 615 sapientissimae
1432 542 1653 616 prudentissimi
1664 547 1896 620 majoresquorum

222 638 411 712 postmodum
428 637 630 694 obtundentur
644 634 927 708 expositiocetotius
942 634 1047 689 nostre
1102 631 1246 689 institutis
1261 631 1493 689 renuntiarenon
1508 633 1612 703 nostis,
1624 635 1743 692 menime
1753 635 1898 710 inpersona

222 726 384 799 discipline
397 743 404 792 ;
419 741 497 782 nuno
508 743 575 783 vero
586 727 687 782 eadem
699 725 917 798 ipsedencstro
927 737 1048 795 corpore
1101 719 1224 778 deorum
1239 723 1414 792 vestrorum,
1430 720 1486 793 ipsi
1506 737 1621 795 quoque
1646 721 1727 794 impii
1754 724 1899 797 depreben-

220 815 304 872 vuisa
322 815 350 870 in
366 831 417 871 vos
431 815 616 887 retorquebo,
633 816 734 871 cadem
749 813 873 870 vulnera
888 810 1046 868 criminum
1101 809 1222 867 duntur.
1238 809 1373 879 Mentior,
1390 809 1416 867 si
1432 816 1777 884 nunquamcensuerant,
1805 830 1837 869 ne
1857 815 1900 887 qui

222 905 252 960 in
268 903 349 959 vobis
365 902 481 960 deiossa
496 897 678 974 monstrabo,
693 919 751 975 quo
767 901 920 959 macharis
943 897 1047 956 vestris
1100 898 1261 971 imperator
1275 899 1385 968 ionum,
1401 899 1479 971 quod
1504 899 1533 954 in
1556 898 1657 971 proeiio
1677 899 1806 968 vovisset,
1830 904 1901 975 prius

222 991 550 1064 admentationibusque
562 992 675 1049 cadatis
687 992 718 1046 ¹⁸.
730 991 910 1065 iamprimc,
923 989 1000 1063 quod
1016 988 1045 1043 in
1101 987 1267 1045 dedicasset
1281 1004 1371 1061 quam
1384 993 1504 1045 senatus
1515 987 1674 1060 probasset,
1689 993 1721 1045 ut
1734 989 1846 1063 contigit
1868 992 1899 1048 bi.

222 1097 276 1137 nos
291 1079 418 1151 generali
429 1079 765 1154 accusaticuedirigitis‚
781 1079 942 1137 divortium
953 1077 989 1134 ab
1001 1075 1046 1132 in·
1100 1076 1227 1147 AEmilic,
1244 1075 1294 1150 qui
1304 1080 1420 1133 voveret
1430 1075 1560 1134 Alburno
1574 1077 1637 1133 deo.
1652 1075 1754 1150 Utique
1768 1078 1840 1135 enim
1854 1078 1902 1136 im·
2005 1109 2006 1144 i

222 1168 499 1240 stitutiemaJorum,
511 1169 696 1226 considerate
706 1169 891 1241 etiematque
901 1167 1047 1233 etiamne
1100 1164 1282 1239 piissimum,
1291 1165 1687 1224 imccoatumelioeissimum
1700 1167 1902 1236 admissumest,

220 1259 373 1315 vobiscum
389 1257 644 1315 communicemus
659 1259 770 1315 crimen
786 1257 955 1315 istudliooe
968 1255 1045 1313 euim
1100 1255 1131 1312 in
1146 1254 1267 1311 arbitrio
1284 1259 1312 1312 et
1325 1253 1446 1312 libidine
1457 1255 1610 1312 sententie
1621 1254 1904 1312 humaneloeareho-

224 1346 390 1420 peremnia
404 1346 468 1402 rite
484 1362 517 1402 eo
527 1346 691 1419 disciplinae
704 1351 883 1418 corruptam,
895 1347 954 1402 imo
966 1343 1045 1400 dela·
1101 1359 1201 1400 norem
1218 1342 1385 1413 divinitatis,
1398 1347 1431 1400 ut
1445 1343 1519 1401 deus
1534 1359 1592 1400 uon
1620 1342 1669 1415 sit,
1699 1343 1753 1400 nisi
1781 1343 1825 1400 cai
1851 1359 1905 1401 essa

221 1440 280 1492 tam
296 1435 326 1491 in
341 1435 425 1492 vobis
440 1434 648 1507 antiquitatem
665 1435 907 1510 recognoscens
932 1434 1046 1507 legibus
1100 1431 1267 1506 permiserit
1281 1436 1403 1489 senatus
1426 1435 1507 1506 Sapo
1527 1449 1665 1490 censores
1678 1431 1836 1490 inconsulto
1862 1449 1904 1506 po·

221 1524 340 1597 quidem
352 1524 415 1596 jam
432 1539 522 1598 supra
537 1525 647 1580 dictum
666 1530 720 1592 cst,
738 1526 815 1598 quod
832 1540 880 1582 ons
905 1521 987 1580 novis
1012 1522 1047 1578 de
1100 1520 1169 1594 pulo
1184 1519 1392 1577 adsolaverunt
1408 1537 1415 1590 ;
1432 1525 1509 1577 certe
1518 1521 1652 1578 liberum
1668 1525 1778 1594 patrem
1786 1520 1839 1594 (32)
1848 1537 1905 1578 com

221 1612 268 1669 die
283 1611 426 1668 consultis
440 1611 670 1684 constitutisque
684 1612 836 1670 obruistis.
864 1612 904 1669 De
933 1610 1047 1683 reliqua
1099 1625 1248 1666 sacrosuc
1263 1609 1399 1666 eonsules
1418 1609 1724 1666 ssuatusauotoritaie
1735 1609 1906 1666 urbencoso·

220 1716 289 1758 vero
314 1700 546 1758 conversationis
575 1700 706 1756 humane
731 1701 922 1773 dispositione
949 1699 1045 1772 pelam
1099 1697 1803 1768 lummodo',veromtolaltaliaeliminereruut.
1831 1697 1908 1754 Gete-
2005 1713 2006 1730 ³

1060 1745 1084 1811 li

220 1790 364 1861 subjacet,
381 1794 490 1862 quanto
506 1806 522 1846 a
538 1789 700 1862 maJ'eribus
721 1789 928 1856 mutaverittis,
953 1786 1044 1856 cultu,
1100 1803 1165 1844 rum
1181 1791 1316 1859 Serapem
1332 1791 1361 1843 et
1392 1787 1498 1843 isidem
1526 1787 1584 1862 (33)
1608 1790 1637 1843 et
1661 1786 1859 1860 Harpocratem
1884 1789 1908 1842 el

220 1877 333 1949 habitu,
350 1883 506 1950 apparatu,
523 1879 647 1952 ipsoque
661 1878 1040 1952 victu,ipscquesermone·
1100 1877 1233 1932 Anubem
1251 1875 1566 1949 probibitosCepitolio
1585 1875 1678 1932 Varro
1701 1879 1908 1940 commemorat,

223 1966 297 2023 Nam
314 1966 471 2039 pristinum
483 1970 516 2022 ot
526 1967 678 2024 rancidum
693 1966 839 2040 relegatis,
852 1966 969 2025 exclusa
979 1967 1046 2024 ubi·
1100 1981 1261 2038 eorumque
1277 1969 1390 2022 statues
1406 1981 1423 2021 a
1438 1969 1542 2021 senatu
1557 1964 1698 2037 dejectas,
1728 1963 1841 2021 nonnisi
1867 1979 1910 2035 per

225 2071 283 2128 que
297 2054 459 2126 antiquitas
473 2055 501 2110 in
518 2055 655 2128 negotiis,
665 2055 694 2111 in
710 2056 816 2113 ciliciis
827 2074 834 2125 ς
844 2059 935 2112 totam
951 2060 1047 2111 aucto-
1099 2054 1158 2110 vim
1175 2053 1362 2128 popularium
1378 2057 1548 2110 restructas.
1564 2053 1620 2110 Sed
1629 2057 1728 2110 tsmen
1739 2055 1768 2109 ei
1782 2051 1912 2109 Gabinius

219 2142 336 2200 ritatem
352 2145 499 2216 majorum
525 2148 621 2199 vestra
641 2145 803 2200 auotoritas
826 2144 941 2216 dejecit.
958 2144 1044 2212 Sane,
1100 2143 1202 2201 consui
1219 2141 1355 2198 Kalendis
1368 2141 1527 2208 ianuariis,
1544 2157 1610 2197 cum
1627 2142 1676 2196 vix
1693 2140 1804 2198 hostias
1818 2141 1911 2212 probe·

219 2232 298 2305 quod
312 2230 396 2288 robis
411 2231 506 2304 magis
522 2232 629 2304 probro
644 2237 698 2304 eet,
712 2232 842 2291 laudetis
856 2248 974 2306 semper
998 2248 1044 2288 ve·
1099 2237 1155 2298 ret,
1171 2249 1230 2304 pree
1246 2231 1431 2304 popularium
1446 2237 1533 2296 cetu,
1556 2230 1626 2302 quia
1656 2229 1730 2286 nihil
1756 2230 1792 2286 de
1817 2229 1913 2301 Serape

218 2323 398 2392 iuslates‚et
425 2320 602 2377 nibilminus
631 2323 785 2379 recusatis.
815 2323 878 2390 Qua
904 2321 1045 2395 perversi·
1099 2328 1128 2380 et
1141 2321 1440 2389 isideoonsiiluisaat,
1455 2323 1597 2395 potiorem
1614 2321 1913 2378 babuitsenalusoen·

219 2411 280 2466 teto
296 2413 360 2466 tant
363 2451 428 2466 ......
446 2410 591 2481 majorum
608 2411 686 2483 apud
705 2427 757 2467 vos
780 2427 950 2483 permanere
977 2425 1044 2482 pro·
1100 2429 1200 2470 suram
1216 2429 1304 2484 quam
1319 2411 1461 2484 impetum
1477 2411 1567 2485 vulgi,
1583 2414 1612 2467 et
1627 2427 1695 2468 ares
1719 2407 1833 2466 institui
1856 2421 1913 2480 pro·

220 2497 558 2569 baridebuaruot,cum
576 2513 610 2554 ea
631 2515 696 2571 qua
717 2498 848 2572 probatis
877 2496 1045 2556 recusetis?
1098 2499 1206 2557 hibuit.
1222 2501 1341 2557 Habetis
1356 2499 1448 2573 igItur
1468 2500 1498 2555 in
1528 2500 1696 2573 majoribus
1724 2495 1839 2562 vestris,
1867 2492 1915 2551 etei

219 2588 274 2645 Sed
291 2591 320 2644 et
334 2587 433 2659 ipsum
448 2589 525 2660 quod
540 2586 678 2644 videmini
695 2605 712 2645 a
727 2589 887 2660 maioribus
902 2587 1043 2645 traditum
1099 2605 1156 2646 non
1166 2603 1285 2656 nomen,
1296 2591 1427 2645 attamen
1439 2587 1772 2653 sectamChristianum,
1784 2585 1915 2659 quedeos

218 2674 391 2733 fidelissime
406 2675 556 2732 custodire
571 2680 600 2732 ct
614 2676 779 2745 deiendere,
790 2677 834 2734 vei
845 2693 903 2750 quo
918 2676 1045 2733 maxime
1098 2677 1230 2752 negligit.
1242 2677 1365 2745 Horum,
1381 2677 1406 2732 si
1422 2693 1472 2734 voe
1483 2676 1588 2734 saltem
1598 2676 1753 2750 integrum
1765 2672 1917 2731 bonoribus

220 2781 285 2822 reos
301 2781 359 2821 noa
374 2765 621 2839 transgressionis
637 2764 803 2838 postulatis,
820 2766 855 2822 de
870 2782 928 2839 quc
948 2768 1042 2821 totam
1097 2765 1402 2824 reetrisrsiosselase
1413 2765 1562 2839 religionis
1573 2762 1917 2835 ;sedinrenicconspiras

221 2853 324 2909 odium
344 2851 500 2910 Christiani
518 2853 817 2923 nominisaniruatur,
834 2855 954 2912 deorum
979 2854 1043 2910 dioc
1098 2855 1246 2914 searobis
1256 2855 1544 2930 tamsuperstitionis
1555 2871 1647 2928 quam
1656 2853 1823 2927 impietatis
1835 2849 1936 2925 prole·-

220 2942 379 3014 cuituram,
395 2942 516 3014 perinde
531 2943 645 3001 anobis
660 2943 771 3000 destrui
783 2961 816 3000 ac
827 2943 938 3016 despici
949 2948 1044 3000 osten·
1097 2947 1309 3010 ctum.Quanto
1319 2945 1398 3001 enim
1412 2943 1637 3019 irreligiosiores
1649 2938 1918 3016 deprehendimini?

218 3033 298 3101 dem,
313 3031 371 3088 nisi
386 3032 463 3104 quod
479 3048 536 3088 non
553 3033 679 3104 perinde
697 3050 704 3102 ;
721 3048 776 3090 nos
791 3032 868 3089 enim
889 3036 1043 3106 contemp·
1097 3035 1229 3091 Privatos
1245 3034 1322 3090 enim
1339 3033 1418 3106 deos,
1436 3050 1510 3106 quos
1523 3037 1609 3090 Lares
1624 3037 1655 3091 et
1680 3032 1808 3089 Penates
1830 3029 1920 3087 doma·

217 3122 433 3178 toresdoorum
450 3119 551 3176 heberi
569 3120 650 3178 nulia
674 3122 749 3178 ratic
778 3126 833 3192 est,
862 3123 930 3193 quia
957 3108 1172 3182 namchtica
1213 3121 1432 3179 consecratione
1473 3120 1648 3194 perhibetis,
1694 3119 1856 3178 domestica
1893 3115 1920 3169 li·

219 3210 382 3268 contemnit
398 3211 475 3281 quod
496 3210 712 3265 sciatomnimc
725 3226 782 3266 non
798 3227 873 3266 esse.
889 3211 969 3278 Quod
986 3227 1046 3267 om·
1099 3213 1195 3270 centia
1223 3212 1278 3285 (et)
1306 3209 1472 3268 inculcatis.
1506 3209 1705 3283 venditando,
1749 3205 1921 3283 pignerando

220 3297 291 3353 nino
302 3299 357 3364 est,
373 3297 402 3352 id
420 3298 566 3353 contemni
583 3301 690 3370 potest,
706 3299 784 3370 quod
802 3298 874 3353 nibil
898 3303 952 3367 est,
972 3297 1045 3355 nibil
1098 3318 1150 3375 pro
1166 3301 1338 3358 necessitate
1354 3316 1387 3357 ao
1400 3299 1682 3357 volunteto.llssent
1693 3298 1814 3370 quidem
1829 3295 1924 3353 tolera·

221 3385 343 3459 patitur.
361 3385 453 3458 lgitur
470 3384 578 3459 quibus
593 3389 648 3455 eet,
664 3386 701 3442 ab
718 3386 760 3442 eis
776 3386 905 3458 patiatur
931 3403 1045 3444 necasse
1099 3389 1204 3446 biliore
1217 3388 1361 3461 ejusmodi
1379 3387 1571 3444 contumacia
1586 3386 1760 3462 sacrilegia,
1782 3384 1839 3442 nisi
1854 3381 1924 3458 quod

219 3490 294 3532 esse.
312 3475 375 3542 Quo
392 3473 486 3547 magis
497 3474 677 3546 ¹oneramini,
694 3475 846 3532 credentes
861 3480 965 3533 eseeet
980 3493 1047 3533 eoc-
1098 3479 1202 3548 sejam
1217 3476 1485 3543 contumeliosiora,
1500 3475 1578 3549 quod
1590 3477 1724 3540 modica,
1755 3475 1812 3532 Sed
1838 3471 1924 3543 aliquo

219 3566 395 3631 temnentes,
423 3561 550 3618 colentes
565 3565 593 3619 el
608 3563 794 3636 despuentes,
810 3563 988 3624 honorantes
1017 3569 1046 3624 et
1099 3565 1202 3624 solatio
1231 3565 1411 3640 privatorum
1426 3569 1454 3623 et
1472 3565 1708 3622 domesticorum
1724 3564 1848 3621 deorum
1862 3574 1924 3633 eoa·

217 3650 396 3709 lacessentes
413 3649 587 3707 bicatetiam
599 3650 668 3707 hine
679 3667 885 3724 recognoscere
897 3653 1044 3726 imprimis
1099 3655 1164 3713 reia
1177 3658 1329 3728 jurantur,
1345 3655 1421 3728 quod
1431 3654 1564 3728 publicos
1585 3654 1713 3728 turpius
1734 3649 1922 3710 contumelio·

219 3739 716 3808 cumaliialicsdeoscclitis,eos
743 3756 817 3813 quos
847 3759 904 3798 nou
936 3742 1043 3816 colitis,
1097 3746 1220 3817 suisque
1234 3745 1380 3802 tractetis.
1396 3747 1461 3801 Jam
1478 3743 1706 3817 primum‚quos
1722 3743 1754 3800 in
1766 3741 1922 3800 hastarium

219 3827 414 3899 bitatione
434 3829 641 3898 contemnitis;
671 3828 802 3902 prelatio
832 3831 953 3889 alterius
981 3832 1044 3889 sine
1098 3833 1276 3908 regessistis,
1294 3830 1553 3905 ttapubttcanie
1577 3832 1724 3892 subd...
1752 3825 1927 3902 tis¹¹‚omni

217 3917 597 3976 alteriuscontumeliaesse
613 3934 670 3975 non
683 3923 788 3992 potest,
798 3937 849 3976 nec
860 3919 921 3977 ulle
941 3920 1043 3978 electio
1098 3923 1302 3996 quinqueanio
1313 3922 1390 3978 inter
1404 3920 1673 3993 vectigaliaveatre
1684 3919 1867 3995 prescriptos
1881 3915 1926 3971 sd·

218 4023 276 4066 non
292 4007 497 4080 reprobatione
514 4007 535 4042 Η
551 4008 746 4079 componitur.
769 4007 823 4075 Qui
846 4009 880 4064 de
909 4009 1044 4083 pluribus
1098 4012 1205 4069 dicitis.
1222 4011 1269 4068 Sic
1284 4011 1455 4084 Serapeum,
1468 4007 1706 4082 siocapitoiium
1718 4009 1844 4084 petitur,
1858 4003 1931 4064 addi·
2005 4027 2006 4050 i

217 4097 343 4171 suscipit
358 4096 497 4172 aliquem,
514 4115 581 4154 eom
594 4115 681 4170 quem
694 4115 752 4154 non
764 4101 887 4172 suscipit
899 4101 1042 4174 despexit,
1098 4103 1182 4171 citur,
1198 4100 1435 4156 conducitur¹⁶...
1452 4099 1506 4155 snb
1519 4097 1622 4155 eadem
1634 4098 1877 4172 voceprsaconis,
1886 4109 1928 4148 ea·

218 4186 275 4244 Sed
285 4191 329 4244 tot
344 4202 377 4245 ao
391 4187 466 4244 tanti
479 4186 515 4243 ab
531 4187 671 4244 omnibus
686 4187 742 4244 ooli
758 4204 814 4244 non
828 4194 964 4262 possunt.
976 4191 1040 4248 Jsm
1098 4180 1932 4262 demerecticnequestorisSedenimagritributconusti
2005 4207 2006 4258 ,

938 4288 1041 4352 Variae
1056 4289 1218 4352 lectiones.
1283 4349 1290 4367 ,,

255 4373 738 4446 ¹⁸iiic.admontiejaculis.¹⁷
760 4375 801 4430 Ee
823 4375 903 4448 Apol.
932 4376 976 4447 13,
1007 4379 1040 4433 ic
1067 4375 1259 4506 comffivelne
1288 4374 1503 4448 reprobatione.
1535 4374 1556 4412 ¹⁸
1578 4375 1701 4432 deone.
1729 4391 1767 4434 ee
1789 4371 1867 4448 Apol.
1901 4367 1931 4425 l5
2005 4435 2006 4470 ἶ

166 4463 173 4485 ·
218 4445 325 4502 emend.
341 4445 498 4503 subditatis
514 4446 536 4483 ¹⁸
549 4447 617 4502 lico.
632 4461 667 4502 ee
680 4445 757 4518 Apol.
774 4447 817 4515 13,
832 4446 938 4503 mund.
953 4449 1130 4506 conducitur
1189 4447 1278 4506 initas
1290 4448 1346 4504 sub
1358 4447 1461 4504 eudem
1477 4460 1558 4518 voce,
1570 4450 1630 4503 ete.

713 4559 715 4564 '
963 4545 1225 4608 commentairue.

219 4631 322 4688 eedem
337 4630 432 4688 forma
461 4647 519 4703 qua
545 4630 634 4687 Greci
659 4623 784 4700 ἔξαλλον.
801 4631 940 4700 abaliud,
968 4634 1046 4760 (puori
1062 4635 1085 4702 Ι)
1101 4637 1229 4690 atrorum
1245 4631 1387 4691 retulistis
1403 4633 1524 4690 deorum
1540 4631 1554 4689 i
1569 4653 1580 4683 s
1598 4629 1727 4692 Dixerat
1740 4633 1833 4692 etiam
1851 4634 1932 4684 buca·
2005 4643 2006 4686 i

220 4704 346 4760 retertur
360 4703 395 4758 ad
411 4701 501 4758 allud.
519 4719 535 4758 a
576 4718 613 4757 uc
628 4707 673 4757 est
686 4702 765 4757 aliud
784 4719 791 4767 ;
808 4707 841 4758 ut
858 4707 940 4772 Deus,
966 4706 1045 4762 aiud
1102 4720 1178 4762 aus:

219 4776 256 4831 ab
273 4773 401 4830 homine.
419 4773 521 4838 ilomo,
540 4717 633 4835 ahud,
653 4773 752 4831 sileo.
770 4773 833 4830 liro.

256 4846 311 4916 (32)
327 4845 403 4902 Certe
417 4845 546 4910 atteram
559 4849 676 4918 putrem.
693 4844 794 4901 Ablata
818 4845 911 4902 icisse
931 4847 1000 4903 olim
1016 4852 1045 4904 et

220 4916 359 4985 abrogata
373 4930 457 4972 sacra
469 4914 574 4972 Bacchi
593 4915 652 4972 lere
667 4931 770 4972 omnes
791 4920 938 4974 testantur
951 4919 1043 4992 scrip·

1144 4825 1196 4872 rios
1210 4820 1237 4870 in
1252 4819 1352 4883 templs
1365 4823 1440 4872 tuam
1455 4819 1579 4870 ilcmaus
1593 4819 1760 4884 accepimus
1771 4819 1846 4884 isim,

1145 4884 1335 4948 Semideosqus
1349 4896 1439 4946 canes,
1456 4886 1483 4933 et
1498 4883 1576 4933 sistm
1587 4881 1722 4946 iubentis
1732 4884 1835 4942 luctus,

222 4992 310 5042 toros.
327 4986 664 5059 s.augusttnus,tio.v1,
678 4986 711 5043 de
726 4988 909 5052 Civ.,Livius,
930 4995 1045 5046 imum
1134 4991 1290 5056 Quibusex
1300 4989 1372 5046 loeis
1386 4988 1477 5062 hujus
1488 4987 1542 5048 ioci
1551 4987 1704 5062 expeditio
1722 4989 1828 5064 colligi
1838 4986 1936 5061 potest
2005 5013 2006 5064 p

221 5056 325 5113 etalii.
353 5059 461 5114 Locum
490 5059 658 5114 bioeddam
687 5057 882 5114 Ciceronisex
909 5059 1045 5130 lib.1,de
1099 5067 1181 5132 icem,

222 5130 348 5212 lapibus:
365 5152 379 5181 a
395 5129 467 5195 Quid
483 5146 563 5203 ergo.
581 5129 910 5203 inquitagetlacobas,
927 5132 1044 5190 humei·
1135 5135 1192 5204 (et)
1222 5132 1373 5189 Domestica
1401 5131 1524 5198 licentia,
1547 5133 1603 5186 eto.
1643 5129 1738 5196 Quod
1781 5129 1938 5190 venitatem
2005 5129 2006 5134 ’

222 5201 355 5274 pedeque
370 5201 474 5271 nostri,
490 5205 518 5256 et
533 5205 659 5274 augente
674 5201 723 5257 itia
734 5201 884 5274 mysteria,
896 5203 1042 5276 siquidem
1100 5205 1226 5260 maxime
1242 5221 1273 5260 er

1296 5203 1340 5259 uit
1355 5201 1383 5256 io
1399 5202 1475 5259 lictis
1490 5202 1551 5259 iliis
1566 5199 1634 5269 diis,
1653 5203 1805 5260 solebant
1832 5206 1938 5258 vetere·
2005 5215 2006 5220 ¹

221 5287 306 5328 sacra
321 5278 464 5328 nocturno
478 5272 611 5330 tollimus
625 5272 640 5329 ‘i
657 5295 670 5323 a
683 5274 718 5330 ie
734 5277 782 5329 Pn.
1098 5277 1235 5342 vendere,
1247 5221 1433 5345 euhbastare
1449 5279 1478 5331 et
1490 5279 1604 5330 mutare
1616 5274 1693 5331 deos
1705 5291 1798 5340 suos,
1814 5266 1938 5330 sicutdi·
2005 5275 2006 5280 ’

255 5343 311 5410 (33)
327 5344 463 5400 Casurum
478 5343 607 5415 Serapem
620 5353 646 5401 et
672 5344 782 5400 laidem.
800 5344 880 5402 idem
907 5346 965 5402 iere
993 5346 1045 5404 cb·
1099 5347 1492 5418 xitApoiop.13.muteutee
1516 5345 1679 5415 aliquando
1711 5351 1882 5404 Saturnum
1912 5340 1938 5395 in

215 5414 762 5488 jicitlib,u,Arncbiue30uidivos
790 5415 961 5490 AEgyptiaoa
989 5435 1044 5475 na·
1099 5416 1283 5474 cacabulum.
1299 5417 1457 5476 Minervam
1473 5419 1503 5473 in
1523 5416 1655 5484 trullam,
1690 5435 1750 5491 pro
1766 5419 1876 5476 affectu
1892 5413 1939 5468 aul
2005 5429 2006 5490 ζ

221 5487 312 5552 mina,
329 5487 669 5562 quibusScrapisatque
688 5488 742 5544 leis
771 5492 815 5544 eet
844 5505 961 5560 nomen,
986 5506 1044 5547 non
1100 5488 1381 5548 necessilatelosre.

220 5563 286 5630 post
301 5557 435 5616 Pisonem
451 5563 480 5618 st
493 5557 650 5618 Gabinium
666 5557 786 5618 cuseio
809 5574 968 5618 numerum
996 5579 1044 5620 ve-
