4134 6184
239 308 318 372 1183
509 305 770 370 cunductitii}
793 305 958 369 OPERUH
976 303 1080 367 PARS
1101 303 1127 366 1.
1139 335 1181 349 -
1197 299 1340 366 scelus
1361 301 1400 376 ll,
1421 297 1666 365 DOGMATIGA.
1844 299 1914 363 11111

238 443 334 498 tolum
350 455 408 496 non
423 439 512 496 datur
521 438 637 496 dilierre
649 453 759 510 pacem.
769 435 951 510 Ubicumque
961 439 1060 494 sutem
1073 436 1102 506 A
1116 438 1145 492 at
1167 431 1374 492 consuetudini
1398 432 1479 512 domi
1501 423 1742 502 satisfaciesdsio
1763 434 1790 488 et
1811 431 1852 487 die
1871 432 1915 488 Pa·

240 527 310 586 alibi
325 527 524 600 operationem
539 527 561 563 ⁸⁶
578 527 854 600 tuam‚absoondere
869 529 962 600 poles,
975 525 1063 582 debes
1117 522 1195 580 sobe
1208 523 1276 596 (ll),
1292 538 1351 594 quo
1366 520 1532 580 communia
1556 525 1586 578 et
1608 519 1690 594 quasi
1705 519 1915 592 publicalsjmii

240 615 412 674 meminisse
435 615 571 689 precepti
587 615 643 688 (43)
661 633 668 673 :
690 615 732 672 ita
746 620 775 672 et
797 613 959 687 discipline
979 613 1061 683 ioris,
1117 611 1220 686 religio
1235 615 1290 680 est,
1306 611 1411 670 merito
1427 608 1844 683 llllddeponimusosculum
1857 609 1915 680 (15),

953 713 1055 776 varice
1075 711 1233 774 lectiones.

226 805 232 816 '
275 795 297 830 ¹⁶
313 793 480 852 Orationem
494 794 565 868 conj.
581 793 665 850 Semi.
956 863 1207 927 commutarim

162 991 164 999 ι
238 961 291 1034 tio,
308 965 341 1020 ut
359 963 529 1035 jejunantes
553 978 611 1020 non
630 961 810 1031 osculentur,
835 960 926 1035 hujus
942 960 1016 1018 ritus
1030 965 1062 1018 tu
1118 961 1190 1016 dum
1207 957 1331 1028 monuit,
1347 975 1384 1018 ne
1397 957 1532 1016 videlicet
1550 957 1621 1014 huic
1644 959 1784 1029 precepto
1798 954 1835 1012 rei
1848 955 1920 1012 liant·

242 1051 299 1091 non
316 1034 357 1092 sis
378 1039 546 1118 praeceptor,
572 1049 623 1090 nec
645 1033 798 1103 inventor;
823 1033 872 1090 aed
896 1033 925 1089 id
941 1035 1064 1090 observa
1119 1049 1176 1104 quo
1197 1033 1337 1102 jubemur
1363 1031 1478 1160 Jessuuia
1506 1035 1608 1087 nostra
1636 1029 1748 1092 celere:
1773 1029 1829 1098 lem
1851 1027 1916 1082 enlm

241 1108 332 1174 domi,
348 1107 398 1161 ubr
421 1107 574 1162 domestici
599 1107 697 1162 solunt
719 1111 749 1162 te
766 1105 911 1177 jejunare,
936 1111 964 1161 et
988 1105 1065 1160 inter
1118 1107 1236 1174 accepto
1251 1119 1371 1176 oorpore
1411 1102 1514 1169 omini,
1530 1105 1560 1158 at
1574 1107 1730 1170 reservato,
1741 1105 1918 1170 agnoscuntur

241 1194 291 1236 eos
319 1177 437 1234 dilleras
460 1193 561 1249 pacem
587 1178 616 1232 in
638 1176 718 1232 aliod
742 1181 857 1250 tempos
883 1194 890 1232 :
916 1176 967 1233 sed
994 1177 1063 1232 loris
1117 1176 1284 1248 jejunantes
1310 1191 1317 1230 :
1343 1175 1400 1230 nisi
1424 1175 1558 1230 dicamus
1581 1177 1642 1229 tam
1666 1171 1820 1244 promiscui
1842 1171 1917 1225 moris

239 1265 342 1307 omnes
366 1249 518 1321 osculeris,
535 1265 571 1304 ne
594 1255 622 1305 te
643 1265 676 1305 eo
699 1249 785 1304 modo
799 1249 932 1320 jejunare
954 1248 1064 1304 intelli·
1118 1247 1210 1303 t'uisee
1238 1249 1373 1318 acceptus
1402 1245 1592 1302 Eucharistin
1629 1249 1726 1315 partes
1751 1241 1780 1297 in
1806 1239 1918 1298 ecclesiis

239 1327 322 1394 gant.
338 1322 370 1376 G.
389 1321 542 1376 Paucraoc.
1119 1319 1308 1388 munducare,
1322 1323 1374 1374 aut
1396 1323 1557 1374 reservatus
1578 1317 1699 1372 domum
1715 1313 1820 1370 deferre
1839 1313 1917 1384 prirn-

275 1393 331 1476 (le)
348 1392 432 1448 Debes
447 1391 606 1446 meminisse
623 1391 764 1462 precepti.
789 1389 850 1454 Ouo
861 1389 1004 1460 jubemur
1017 1406 1062 1446 oe·
1119 1391 1171 1446 tim
1188 1391 1358 1460 sumendas,
1375 1392 1407 1444 ut
1420 1389 1509 1445 etiarn
1528 1387 1653 1460 Jejuniis
1668 1389 1780 1442 tantum
1795 1384 1917 1439 statione·

131 1513 137 1530 ,
239 1464 469 1534 lareJejunium.
486 1462 520 1518 G.
537 1462 691 1518 Peucinos.
1119 1461 1171 1517 riis
1191 1461 1314 1533 operati,
1329 1465 1416 1531 prout
1439 1461 1533 1516 visum
1557 1459 1612 1515 sibi
1637 1463 1724 1526 esset,
1748 1454 1790 1512 vel
1805 1457 1918 1512 comeda·

276 1535 332 1606 (ll)
348 1533 394 1590 Sic
407 1543 432 1591 et
445 1535 492 1589 die
512 1532 636 1590 Poscltae.
661 1533 804 1603 Tempore
818 1531 934 1588 Pascha
947 1547 954 1598 ;
980 1527 1064 1586 iutel-
1119 1539 1192 1602 rent,
1208 1533 1252 1588 vel
1266 1537 1457 1588 reservarent.
1480 1531 1557 1586 Sane
1572 1531 1663 1585 totius
1687 1528 1794 1590 lecerit,
1809 1527 1855 1598 qui
1868 1544 1919 1597 pro·

238 1603 298 1677 ligo
322 1606 401 1662 enim
429 1610 559 1676 tempus,
584 1603 661 1674 quod
691 1603 826 1675 precedit
855 1601 976 1669 Pascha,
1005 1618 1063 1673 quo
1137 1603 1330 1660 oeitumillud
1343 1603 1514 1660 Tertulliani
1526 1601 1620 1674 rigide
1632 1597 1917 1666 constituet,devotum

238 1693 341 1734 omnes
360 1678 500 1750 jejunant
524 1694 531 1731 :
558 1677 661 1730 marito
687 1677 765 1730 enim
788 1681 858 1730 tuno
882 1674 1062 1742 osculamur,
1117 1621 1158 1732 sse
1185 1676 1372 1748 obsequium,
1401 1675 1487 1746 quala
1514 1680 1559 1729 est
1585 1673 1733 1743 jejunium
1758 1669 1919 1726 Eucherium

237 1750 309 1877 puis
331 1765 389 1805 non
410 1763 560 1816 curamus,
582 1748 659 1818 quod
683 1745 863 1818 depositione
885 1745 978 1803 osculi
995 1761 1063 1818 pro·
1118 1765 1176 1804 non
1192 1747 1309 1804 resolvi.
1326 1745 1449 1813 btanim,
1470 1750 1502 1801 ut
1516 1743 1696 1802 sanctissimi
1720 1743 1814 1799 Patrae
1827 1740 1917 1797 Nicrni

258 1826 326 1877 atur
342 1820 499 1892 ieiunium,
525 1835 593 1875 oum
618 1818 689 1875 illud
714 1833 817 1874 omnes
841 1818 1005 1875 observent.
1029 1817 1100 1891 Etss
1117 1820 1299 1891 profitentur,
1317 1835 1373 1874 non
1392 1819 1516 1874 multum
1529 1816 1694 1888 recipimus
1709 1814 1848 1886 panisout
1861 1813 1919 1878 sini,

239 1893 292 1950 boo
307 1897 351 1949 est
367 1893 443 1965 quod
460 1890 538 1948 dicit.
555 1889 641 1946 Pauo.
1116 1892 1167 1946 sod
1193 1890 1370 1964 paululum;
1396 1896 1428 1946 ut
1451 1887 1653 1960 intelligamus
1677 1903 1732 1943 nos
1757 1887 1785 1942 id
1808 1885 1919 1956 accipere

274 1995 308 2005 -
322 1963 368 2020 Sic
382 1972 409 2020 et
423 1963 468 2020 dis
483 1962 603 2019 Pescla.
627 1957 737 2017 Pascha
757 1958 805 2016 hio
821 1975 871 2031 pro
886 1959 932 2015 die
948 1958 1059 2028 passio·
1115 1961 1353 2030 sanctificationi,
1381 1978 1437 2018 nou
1465 1960 1593 2016 satietati
1610 1976 1617 2015 ε
1634 1955 1686 2012 οὐκ
1709 1953 1748 2019 εἲς
1762 1953 1918 2028 πλησμονὴν,

238 2035 296 2104 nis,
317 2051 368 2090 eeu
391 2040 538 2107 postremo
561 2033 609 2087 die
632 2031 747 2088 veneris
766 2029 796 2086 in
822 2032 1060 2102 quadragesima,
1115 2029 1179 2088 ἀλλ’
1196 2032 1233 2096 εἱς
1258 2031 1401 2118 ἁγιασμόν.
1426 2032 1514 2089 Porro
1529 2037 1658 2087 extrema
1681 2028 1734 2085 ille
1748 2030 1782 2086 da
1804 2027 1919 2084 stationi·

239 2121 327 2178 quem
342 2123 458 2164 aeorum
480 2109 511 2162 in
534 2119 679 2176 parasceve
704 2102 898 2174 appellamus,
914 2103 1060 2176 accipien-
1114 2107 1170 2162 bus
1189 2103 1364 2162 Christianis
1388 2103 1423 2160 ad
1440 2102 1606 2177 exemplum
1632 2101 1759 2158 militaro
1782 2099 1917 2164 obeundis,

239 2179 311 2234 dum
326 2193 401 2245 essa,
417 2177 519 2249 'ejunii
534 2175 643 2249 publici
666 2180 737 2230 tuno
752 2175 857 2230 servati
874 2179 970 2230 mento
987 2173 1060 2230 satia
1113 2177 1330 2234 inconsiderate
1353 2176 1511 2233 admodum
1537 2175 1665 2232 citantur
1678 2173 1757 2246 apud
1783 2172 1917 2238 isidorum,

240 2250 380 2307 ostendit.
408 2195 533 2322 ipsemet
561 2253 673 2330 auctor,
705 2261 774 2330 neap.
803 2246 979 2330 10,·contra
1005 2245 1059 2300 Ju·
1115 2249 1193 2318 Orip.
1210 2266 1247 2318 vr,
1264 2265 1359 2322 neque
1374 2247 1471 2320 aptius
1486 2253 1538 2305 aut
1560 2245 1737 2320 prudentius
1752 2243 1826 2316 apud
1841 2243 1918 2299 liabe-

238 2319 341 2378 deos:
361 2322 475 2388 Perelio,
501 2322 608 2391 inquit,
631 2332 726 2390 possse
750 2317 861 2373 Domina
883 2321 921 2374 est
934 2337 944 2386 ,·
968 2331 1060 2388 eoque
1115 2337 1197 2376 num.
1214 2321 1276 2376 liro.

238 2409 329 2449 sensu
343 2392 410 2449 aliis
425 2393 496 2448 locis
511 2393 586 2446 bano
601 2390 720 2444 adhibet
740 2404 849 2445 vocem.
866 2388 908 2444 lta
932 2404 968 2444 ue
990 2389 1061 2444 leria
1151 2393 1196 2462 (45
1234 2392 1335 2448 Merito
1362 2389 1526 2462 deponimus
1562 2388 1696 2445 osculum.
1735 2383 1917 2457 Albaspinens

239 2469 323 2522 sexta
351 2465 380 2520 in
411 2478 565 2536 parasceve
594 2463 643 2543 sb‘
664 2459 764 2516 osculo
813 2459 874 2516 acis
902 2405 1060 2517 &elationi
1117 2462 1335 2519 bossionensis
1363 2463 1527 2590 episcopus.
1556 2457 1823 2538 lib.10llsero.'de
1847 2459 1917 2510 oeten

240 2535 428 2592 abstinebant
442 2551 501 2590 ravo
522 2532 705 2603 Tertulliani,
721 2548 779 2602 quo
823 2533 1063 2588 etnoslrietem·
1115 2535 1366 2605 Eoctcailit.csp.
1396 2534 1423 2602 7,
1445 2531 1492 2588 his
1515 2530 1688 2588 Tertulliani
1712 2529 1917 2592 verbraductus,

242 2609 363 2680 poribus
393 2609 422 2663 in
450 2606 648 2662 ecelesiastica
670 2604 789 2674 liturgia
812 2609 955 2660 servator.
982 2605 1061 2658 ldem
1115 2606 1145 2662 in
1161 2622 1226 2663 eam
1252 2605 1426 2662 sententiam
1449 2604 1510 2669 ivit,
1528 2608 1559 2658 ut
1573 2603 1715 2672 crederet,
1730 2597 1919 2671 omubrmporir

241 2683 388 2736 testentur
403 2677 515 2751 antiqui
531 2675 670 2743 liituales,
685 2681 713 2732 et
733 2675 874 2730 rationem
890 2674 1061 2746 hujusmodi
1116 2677 1279 2760 antiquitus
1296 2675 1500 2732 aChristianis
1515 2674 1659 2730 omissum
1675 2673 1781 2730 diebus
1794 2672 1858 2732 illis,
1870 2668 1919 2740 qui·
2024 2721 2025 2748 ,

241 2750 465 2806 consuetudinis
480 2754 584 2821 prater
599 2747 673 2802 alios
689 2749 845 2818 scriptores
860 2746 943 2802 affert
958 2748 1061 2808 Eerno.
1116 2751 1172 2805 bus
1187 2749 1331 2804 indictum
1347 2753 1376 2803 et
1391 2746 1608 2820 promulgatum
1623 2748 1703 2802 esset
1718 2745 1831 2817 plenum
1847 2747 1919 2810 atque

242 2839 306 2895 cap.
322 2823 350 2892 7,
366 2824 402 2876 da
417 2821 553 2878 rebusad
570 2818 692 2876 inissem
705 2818 917 2891 spectantibus.
935 2841 949 2868 a
965 2818 994 2874 ln
1014 2835 1062 2890 ps·
1116 2823 1265 2894 integrum
1284 2821 1441 2891 jejunium.
1455 2819 1482 2874 Si
1498 2818 1576 2874 enim
1600 2816 1654 2890 (ita
1668 2816 1720 2872 illa
1739 2811 1918 2878 ratiocinetur)
2024 2817 2025 2822 ’

242 2909 368 2959 rasosve,
386 2892 437 2964 ait,
452 2896 489 2950 ab
512 2890 613 2949 osculo
637 2891 821 2947 abstinemus
847 2893 963 2962 propter
982 2889 1064 2945 Jude
1118 2895 1165 2948 dis
1180 2892 1294 2948 veneris
1310 2899 1411 2946 saneto
1427 2889 1553 2947 osculum
1571 2905 1629 2945 non
1645 2889 1849 2959 usurpabatur,
1862 2884 1919 2966 quia

242 2965 393 3022 traditoris
408 2964 585 3036 exemplum,
597 2963 647 3036 qui
659 2979 710 3034 par
724 2961 869 3018 simulatas
885 2960 965 3033 pacis
980 2978 1064 3019 oscu·
1119 2980 1274 3020 comrrrune
1289 2964 1425 3020 omnibus
1444 2961 1593 3034 jejunium
1619 2965 1692 3044 erat,
1710 2973 1801 3032 neque
1824 2969 1920 3029 perreu-

242 3037 305 3094 lum
320 3036 442 3092 tradidit
456 3037 612 3093 Dominum
626 3037 727 3091 issum
739 3033 896 3089 Christum.
914 3035 1027 3090 Moser.
1118 3035 1180 3092 lum
1191 3033 1341 3107 jactantie
1358 3032 1625 3106 imminebat,quod
1637 3047 1668 3088 se
1679 3031 1857 3103 jejunantem
1867 3040 1922 3098 pro·

279 3140 314 3151 -
328 3107 409 3164 Sicci
422 3108 467 3164 die
483 3113 595 3164 Pareae
617 3121 669 3178 quo
684 3107 847 3168 commanis.
872 3113 899 3161 et
921 3108 1000 3177 queri
1011 3121 1066 3176 pu·
1120 3109 1211 3172 daret,
1238 3107 1376 3180 quicum
1402 3105 1539 3162 omnibus
1561 3103 1718 3176 jeJunabat
1745 3120 1752 3160 :
1781 3117 1844 3174 ergo
1869 3105 1920 3153 tom

244 3180 317 3236 blico
326 3181 428 3252 jejunii
450 3180 549 3248 retipic
573 3181 622 3234 ecl.
647 3177 707 3232 Hoc
721 3178 785 3248 ipso
809 3184 982 3248 argumento
999 3193 1063 3248 pro·
1079 3185 1101 3254 G
1120 3195 1237 3252 semper
1251 3179 1288 3234 ab
1312 3177 1411 3234 osculo
1436 3176 1649 3244 abstinebatur,
1672 3191 1741 3230 oum
1757 3169 1921 3240 solemnejs·

244 3253 308 3308 bari
322 3252 446 3316 videtur,
462 3267 521 3305 sevo
536 3247 719 3319 Tertulliani,
737 3249 765 3303 in
782 3248 889 3316 Africa,
903 3249 1064 3319 integrum,
1116 3250 1235 3323 junium
1249 3256 1278 3306 et
1292 3265 1448 3306 commune
1466 3255 1537 3305 erat.
1555 3248 1626 3318 bjus
1649 3247 1738 3302 verbs
1753 3251 1814 3301 luae
1847 3239 1924 3296 reluta

244 3323 305 3379 aiva
319 3322 445 3380 solidum
455 3320 615 3394 jejunium,
627 3335 782 3374 commune
794 3335 826 3373 uc
841 3319 991 3392 publicum
1007 3335 1065 3374 uon
1118 3339 1176 3379 non
1191 3320 1322 3379 exhibeo.
1341 3326 1378 3376 at
1397 3337 1497 3376 scrcor
1511 3323 1544 3375 ut
1565 3318 1609 3374 vir
1624 3317 1814 3374 doctissimus
1826 3261 1922 3392 gariul-

246 3393 346 3460 1111886,
363 3394 419 3452 niti
439 3393 595 3450 DOmlsslssffi
620 3391 767 3463 118881011ῑὸ
792 3391 849 3456 (ΗΘ,
865 3407 957 3462 eoque
972 3389 1017 3446 die
1033 3406 1066 3446 oo
1118 3391 1190 3450 liani
1206 3398 1333 3449 mentem
1349 3396 1378 3449 et
1391 3396 1540 3448 vetustum
1567 3389 1703 3446 Ecclesia
1729 3404 1835 3446 morem
1850 3383 1924 3464 luerit

239 3465 366 3537 jejunio,
395 3467 522 3522 omissas
551 3465 641 3519 fuisse
668 3461 878 3519 sacrificiorum
907 3462 1066 3528 orationes,
1119 3469 1283 3522 essecutus.
1301 3465 1395 3520 Primo
1409 3463 1489 3520 enim
1505 3463 1532 3518 S.
1553 3461 1729 3517 ambrosius
1751 3475 1784 3516 ao
1798 3457 1924 3526 antiquu-

243 3537 354 3594 omissa
380 3538 459 3608 poois
483 3535 583 3592 oscula
600 3550 606 3590 :
623 3534 674 3590 sad
699 3533 892 3589 usitatissima
916 3533 1002 3589 certis
1016 3549 1067 3606 per
1119 3537 1200 3593 sirnae
1216 3535 1352 3606 liturgias,
1364 3535 1497 3592 oseulurn
1513 3533 1629 3605 paciain
1641 3532 1923 3588 christianorumcoe·

243 3601 635 3678 reliquumannumdiebua
659 3609 820 3674 spontanea
845 3605 1067 3675 seuprivntaet
1118 3609 1197 3664 libus
1225 3615 1400 3678 usurpatum
1426 3607 1562 3663 omnibus
1582 3603 1687 3676 jejunii
1719 3604 1832 3664 diebus,
1851 3602 1924 3668 atqua

245 3678 362 3752 propria
377 3679 480 3750 cuique
502 3693 553 3748 pro
577 3692 632 3731 sua
656 3676 796 3748 religione
815 3676 948 3748 jejunia;
973 3675 1067 3732 solida
1119 3679 1227 3752 ipsein
1249 3679 1479 3750 Quadragesima
1503 3681 1660 3742 testantur,
1675 3675 1805 3749 exceptis
1827 3677 1924 3728 tentum

245 3749 364 3822 quidem
390 3754 418 3804 et
441 3750 470 3804 in
495 3763 644 3820 vesperam
671 3763 764 3830 usque
791 3747 1067 3820 procursantibus
1121 3753 1279 3824 postremis
1304 3750 1417 3806 diebus.
1441 3749 1576 3805 Secundo
1601 3763 1668 3802 cum
1692 3749 1816 3814 constet,
1838 3742 1871 3798 sd
1893 3739 1925 3792 io·

245 3825 343 3878 teman
359 3822 394 3877 sd
420 3820 630 3877 saerilloiorum
651 3823 797 3874 orationes
820 3823 849 3875 et
872 3819 952 3890 ponis
967 3819 1067 3876 oscula
1119 3827 1273 3879 cruentum
1290 3821 1466 3878 sacrillcium
1483 3819 1687 3876 celebrandum
1704 3833 1798 3892 neque
1812 3809 1926 3872 sacerdo

246 3891 443 3950 convenirent.
460 3896 601 3948 praterea
617 3893 708 3947 sistes
719 3890 810 3946 fuisse
823 3890 896 3959 dies,
914 3891 1066 3964 quibuaad
1119 3899 1174 3962 tas,
1204 3909 1299 3965 neque
1326 3893 1467 3965 populum
1497 3891 1634 3948 secedere
1661 3889 1728 3948 sine
1754 3885 1849 3947 osculo
1871 3897 1926 3940 oon·

244 3969 408 4038 martyrum
424 3964 559 4038 sepulcra
580 3969 739 4019 conventus
754 3961 963 4030 indicerentur,
979 3969 1068 4036 atque
1121 3965 1263 4032 suevisae,
1281 3969 1309 4021 at
1330 3969 1468 4037 preterea
1491 3965 1674 4034 compertum
1691 3963 1741 4028 sit,
1754 3955 1926 4028 multiejeju·

200 4076 205 4085 ι
243 4036 285 4094 ibl
301 4037 400 4094 statim
417 4037 454 4091 ab
469 4039 570 4093 exortu
588 4034 670 4104 solis,
691 4033 883 4102 orationibus,
901 4039 1068 4091 hortamen·
1121 4037 1161 4092 nii
1186 4037 1291 4093 diebus
1313 4037 1491 4093 sacriilolum
1516 4051 1585 4119 pera
1607 4034 1615 4088 i
1638 4031 1760 4092 solitum
1778 4049 1785 4090 ε
1801 4030 1861 4104 quis
1878 4039 1925 4080 non

243 4109 449 4179 tis,sacrsrum
460 4107 617 4165 lectionum
632 4105 919 4176 interpretationibus
930 4111 1067 4163 vacantes
1121 4107 1267 4180 intelligat
1281 4105 1324 4163 vel
1349 4107 1422 4180 ipsis
1433 4108 1529 4180 jejuni
1555 4051 1664 4178 puqslici
1685 4107 1792 4163 diebus
1812 4096 1925 4158 osculum

244 4185 273 4237 et
283 4181 390 4251 Jejuni,
406 4181 455 4236 sed
485 4195 542 4234 non
559 4177 637 4233 ultra
662 4193 780 4245 nonam,
797 4183 978 4248 perstarent;
996 4179 1068 4233 bora
1123 4197 1139 4235 a
1154 4179 1328 4235 Christianis
1343 4179 1435 4235 luisse
1458 4175 1658 4250 usurpatum?
1674 4200 1688 4228 a
1705 4199 1719 4228 a
1737 4173 1834 4243 Quale,
1850 4181 1927 4250 nuper

244 4269 333 4318 oona,
358 4257 424 4325 post
446 4249 661 4307 Eucharistiam
688 4253 716 4304 et
731 4248 842 4319 oscula,
866 4253 1025 4305 conventus
1040 4254 1068 4305 st
1122 4251 1323 4308 Tertullianus
1345 4249 1467 4320 dixerat,
1491 4247 1671 4306 sacrificium
1696 4253 1787 4318 ast,a
1808 4252 1927 4318 quastus

246 4323 356 4394 'ejuoia
383 4322 539 4380 solverent.
567 4324 616 4374 lla
644 4323 714 4375 tuno
742 4320 886 4391 temporis
913 4324 1066 4390 stationes,
1124 4339 1194 4394 pace
1210 4321 1405 4380 recediturl»
1422 4321 1925 4378 cumverosecundumeommunem

240 4339 305 4450 isaeo
321 4398 485 4451 nestrorum
509 4391 663 4465 disciplina
688 4391 931 4448 Christianorum.
956 4395 1069 4449 luteres
1123 4394 1259 4450 Ecclsaies
1280 4393 1369 4449 ritum
1393 4393 1510 4448 duobus
1534 4391 1689 4465 postremis
1714 4385 1928 4463 qrradragestns

244 4482 313 4522 vero
339 4465 461 4522 minime
489 4463 727 4536 prohibebantur,
763 4478 815 4518 nco
843 4463 917 4535 ipsis
949 4463 1066 4537 quidem
1124 4466 1229 4522 diebus
1254 4465 1375 4522 minime
1389 4463 1568 4524 sacrificium
1589 4462 1753 4530 offerretur,
1770 4459 1811 4516 nil
1825 4457 1926 4518 mirum,

245 4537 405 4593 stationum
422 4537 536 4604 dicbus,
557 4535 720 4617 privalset
734 4537 897 4606 spontanea
911 4537 1068 4608 dequibus
1084 4553 1107 4619 p
1124 4537 1147 4593 ai
1165 4545 1233 4593 lunc
1248 4537 1347 4594 osculo
1362 4541 1515 4610 parcerent
1539 4533 1705 4591 christiani.
1731 4533 1774 4590 Ex
1789 4532 1840 4588 boo
1852 4527 1929 4610 igilur

246 4608 305 4663 diri
317 4608 442 4680 jainata,
464 4609 518 4665 etei
544 4607 656 4678 privata
675 4605 726 4660 illa
747 4605 839 4660 sonda
863 4612 961 4664 essent
982 4611 1068 4679 atque
1122 4608 1293 4665 Tertulliani
1319 4607 1381 4664 loeo
1405 4608 1500 4674 aliter,
1525 4613 1557 4663 ut
1580 4605 1653 4661 mibi
1676 4606 1796 4663 suborta
1818 4609 1929 4670 suspicio

245 4678 276 4734 in
292 4695 442 4750 vesperem
467 4679 616 4747 continua,
633 4677 805 4733 stationaria
824 4693 891 4734 vero
906 4682 1021 4735 tentum
1037 4679 1068 4734 in
1123 4684 1178 4744 est,
1196 4679 1398 4765 albaspinaeus
1414 4677 1614 4752 argumentari
1632 4677 1743 4734 debuit.
1759 4673 1869 4730 Scilicet
1881 4681 1928 4722 cto

246 4750 349 4806 horam
374 4768 468 4824 usque
491 4767 596 4807 nonam
622 4749 850 4814 sustinerentur,
875 4767 908 4807 ao
933 4767 988 4822 prm
1010 4749 1069 4807 illis
1123 4750 1305 4818 Tertulliani,
1321 4751 1351 4808 iu
1377 4750 1522 4808 Africanis
1545 4749 1650 4806 saltem
1674 4741 1928 4823 ecclesiis,duobut

247 4825 345 4878 essent
365 4823 450 4894 quasi
475 4821 686 4892 semi-jejunia.
710 4821 764 4876 Sed
790 4820 927 4892 privatim
950 4837 1070 4894 operae·
1124 4824 1265 4879 duntaxat
1278 4823 1415 4880 extremis
1430 4817 1929 4892 Quadragesimaediebus,lejun1om

247 4899 311 4948 tom
342 4893 476 4950 nonnulli
506 4891 703 4966 operationem
740 4891 801 4947 aive
826 4892 972 4965 jejunium
1002 4898 1070 4949 ante
1125 4893 1453 4968 communietpublioa
1478 4893 1619 4966 religione
1644 4889 1928 4950 luissaobservstonr.

245 4979 395 5035 vesperam
420 4964 531 5021 solvere
547 4962 677 5036 religioni
703 4963 869 5032 ducebant,
894 4965 1018 5036 ideoque
1033 4965 1069 5019 ad
1124 4983 1191 5022 cum
1208 4966 1321 5036 reliquo
1332 4967 1399 5022 anni
1412 4973 1499 5037 atque
1510 4965 1605 5036 ipsius
1616 4961 1702 5019 eliam
1713 4956 1929 5028 Quadraceaima

163 5091 166 5098 ,
246 5035 473 5104 Eucharistiam,
493 5053 556 5108 qum
572 5035 643 5092 bora
658 5049 735 5090 oona
754 5035 995 5101 distribuebatur,
1012 5053 1070 5091 non
1124 5041 1257 5109 tempore
1273 5037 1396 5094 liberum
1410 5036 1586 5094 Christiania
1600 5042 1678 5090 esset
1690 5033 1803 5106 J'eiunio
1817 5029 1857 5086 vel
1871 5039 1929 5096 ope·

247 5109 436 5166 accedebant.
466 5111 550 5165 Hono
579 5105 751 5178 scrupulum
779 5107 977 5165 Tertullianus
1002 5107 1070 5164 ferri
1126 5127 1189 5165 ram
1204 5112 1285 5176 dare,
1300 5109 1344 5167 vel
1360 5108 1539 5166 renuntiare.
1564 5107 1659 5172 Quare
1679 5099 1928 5178 quanquamdart·

247 5195 334 5250 posse
360 5183 401 5238 all
428 5180 530 5238 eadem
561 5177 611 5235 ille
638 5169 843 5250 caperemini,
870 5185 902 5234 ut
921 5179 1071 5251 jejunium
1126 5197 1192 5237 mua
1219 5181 1306 5253 (quod
1328 5186 1406 5238 certo
1429 5179 1577 5236 alllrmore
1602 5194 1658 5234 nou
1681 5175 1784 5250 audeo)
1809 5171 1847 5232 nil
1863 5163 1929 5226 aliud

247 5251 394 5324 privatum
411 5251 805 5333 integrumquejejunantee,
816 5249 952 5307 intersint
966 5249 1071 5307 nihilo·
1126 5268 1215 5326 quam
1227 5252 1375 5324 jejunium
1401 5268 1521 5308 causam
1547 5249 1650 5317 luisse,
1666 5265 1718 5307 cor
1738 5248 1766 5304 in
1792 5249 1929 5320 parasceve

247 5323 347 5381 minus
371 5324 532 5381 stationum
556 5320 774 5393 semi-jejuniis.
798 5327 974 5450 scoeptopue
999 5322 1072 5379 bora
1125 5329 1154 5381 et
1181 5324 1331 5398 pervigilio
1369 5321 1529 5380 Dominicns
1567 5319 1790 5378 resurrectionis
1823 5311 1930 5390 osculato

246 5411 325 5451 nona
353 5411 474 5468 corpore
502 5393 630 5464 Domini,
655 5393 691 5448 de
715 5393 842 5450 statione
867 5395 918 5467 qui
941 5410 987 5450 em
1012 5410 1072 5450 una
1125 5397 1203 5465 poris
1227 5397 1428 5461 omitteretur;
1459 5391 1654 5450 nibilominus
1678 5409 1743 5448 cum
1770 5387 1855 5446 nullis
1874 5381 1930 5460 alus

247 5468 442 5524 comestoris
464 5468 617 5532 decedant,
642 5463 693 5519 sed
718 5463 879 5522 buccellam
904 5482 1017 5525 sacram
1041 5466 1071 5522 in
1126 5467 1195 5524 anni
1210 5467 1362 5525 diabuscx
1383 5465 1558 5524 Tertulliani
1584 5469 1681 5522 mente
1692 5461 1835 5537 jejunium
1851 5451 1929 5529 pubb-

245 5555 397 5610 vesperam
412 5555 517 5610 usque,
535 5535 642 5610 jeJunii
665 5535 774 5606 proprii
791 5538 962 5605 terminum,
978 5554 1071 5594 resar-
1127 5555 1193 5595 oum
1223 5539 1391 5607 baberetur,
1417 5537 1509 5596 osculi
1536 5536 1645 5593 omisso
1670 5536 1706 5591 nd
1731 5536 1803 5590 duos
1827 5531 1927 5585 lantum

245 5615 324 5667 verit.
340 5611 386 5667 Sic
412 5615 570 5681 utromque
593 5605 708 5663 salvum
734 5605 804 5676 lore,
820 5613 849 5662 et
872 5609 1071 5692 participatio·
1127 5609 1193 5666 lllos
1216 5609 1450 5682 Quaeragesims
1474 5609 1537 5665 dies
1561 5607 1762 5680 restringenda
1787 5601 1846 5658 luit.
1870 5597 1927 5676 loge

247 5697 313 5737 nem
331 5681 477 5752 sacrilloii,
498 5684 527 5739 et
550 5676 765 5737 excecationem
790 5677 891 5736 ollloir.
916 5683 1072 5754 Alparum
1127 5681 1297 5814 iterpuedioi
1321 5683 1357 5741 ab
1379 5679 1685 5755 Albaspinaeopotuit,
1707 5675 1928 5746 caristiensem
2021 5725 2022 5730 ,

249 5766 348 5808 cavere
362 5753 478 5810 videtur
501 5749 642 5826 periculo,
668 5749 746 5824 quod
770 5765 958 5826 summopere
976 5754 1073 5811 viten-
1128 5754 1174 5814 dis
1196 5771 1242 5828 us,
1259 5755 1368 5830 quibua
1382 5755 1530 5830 integrum
1551 5767 1586 5812 ao
1609 5753 1729 5828 plenum
1740 5745 1877 5826 ieiunium
1891 5752 1928 5794 ω·
2021 5741 2022 5812 ,
