4152 6192
215 317 291 393 saei
489 389 493 396 ,
854 320 970 383 tiene
991 323 1043 384 nn
1064 323 1287 386 ιιιιιιιιιιι.
1766 392 1773 398 ,
1848 317 1925 378 sees

215 453 249 505 ιιι
262 447 473 506 homonullins
486 449 557 508 honi
572 450 613 524 (l)
629 453 748 524 quondo
759 455 892 524 oporteat
919 453 1043 510 demon·
1058 456 1087 523 Α
1101 453 1281 528 discordent,
1297 453 1389 512 solius
1413 459 1512 512 temen
1542 451 1687 527 patientie
1716 449 1746 508 in
1768 439 1925 506 commune

213 536 388 595 strationem
396 540 719 600 ethommendstionem
729 541 855 614 elioujus
863 541 903 599 rei
913 543 1042 614 adortos,
1099 558 1254 616 memores,
1276 543 1406 601 huiouni
1417 542 1581 602 studiorum
1594 559 1713 600 suorum
1725 537 1925 597 commiserint

214 627 297 700 ipsos
320 627 402 699 prius
431 627 462 684 in
487 628 745 687 administratione
771 632 837 703 ejus
875 631 917 687 rei
945 631 1046 705 depre-
1099 633 1247 705 paoem.1n
1263 625 1924 706 ιιιιιιιιιοιιιρίιιιιιι,ἰιιοιιιιι(ιιι)ιιιιιιιιιιι,ἱ11ιιιιιΙ

213 715 316 785 hendl,
330 723 358 773 et
368 717 567 774 oonstantiam
583 720 790 776 oommonendi
806 720 817 755 ¹
831 721 955 794 propria
972 738 1043 777 oon·
1098 721 1128 776 in
1144 723 1346 780 ⁷alleotntione
1355 723 1471 780 virtutis
1486 721 1665 778 unanimiter
1678 719 1798 776 student
1807 717 1924 791 (diom-

214 804 393 862 versationis
419 806 594 863 auotoritute
618 806 755 880 dirigere,
786 825 822 865 ne
857 808 936 866 diota
960 810 1044 867 ieotis
1098 827 1164 866 nem
1177 811 1351 884 sapientiam
1368 813 1598 868 ostentationem
1613 810 1649 866 de
1669 806 1810 881 patientia
1820 803 1922 877 prele-

216 895 423 952 delinientibus
450 896 633 955 erubeseunt.
673 897 768 970 Atque
796 899 910 954 utinam
943 901 1045 960 eruhe-
1098 897 1923 973 runtCrandstestimoniumejusest,oumetiamvanas

217 998 299 1042 soere
310 983 389 1041 istud
418 984 583 1042 remedium
610 985 693 1057 ierat,
719 985 762 1043 uti
788 987 884 1060 pudor
911 1003 970 1045 non
998 1005 1044 1045 ex·
1098 987 1195 1045 saeonii
1213 988 1570 1061 disciplinaeadleudem
1596 992 1625 1044 et
1653 986 1776 1060 gloriam
1805 995 1923 1056 promo·

217 1071 339 1130 bibendi
373 1073 450 1146 quod
475 1072 541 1132 aliis
570 1079 745 1148 suggestum
773 1076 864 1149 imus,
887 1077 1044 1134 exhibendi
1096 1082 1153 1135 vet.
1169 1081 1227 1134 Aut
1242 1079 1378 1150 nunquid
1393 1078 1493 1151 potius
1505 1077 1701 1149 injuriosum
1718 1073 1816 1132 divina
1830 1089 1877 1130 res
1890 1071 1921 1128 in

218 1163 271 1218 ilat
285 1162 490 1236 magisterium
512 1162 599 1220 illisi
626 1165 705 1236 quod
731 1164 875 1222 bonorum
904 1182 1044 1239 quornm·
1097 1164 1289 1223 'eteonlarihus
1316 1167 1432 1224 artibus
1454 1166 1630 1224 volutatur?
1657 1166 1712 1223 Sed
1726 1159 1921 1232 uiderintilli‚

218 1251 298 1321 dem,
312 1249 400 1308 siouti
414 1255 444 1308 et
467 1250 622 1322 malorum,
652 1251 845 1311 intolerabilis
873 1255 1044 1328 magnitudo
1097 1271 1172 1329 quos
1188 1272 1255 1312 mox
1268 1257 1420 1329 sapientia
1437 1274 1497 1314 suaa
1512 1272 1580 1313 oum
1596 1255 1702 1312 saeoulo
1714 1255 1870 1312 destrueter
1889 1264 1923 1306 ao

219 1345 276 1412 est,
292 1343 337 1408 nt,
352 1342 389 1398 sd
404 1340 547 1414 oapiends
561 1345 590 1398 et
600 1343 766 1414 prestanda
792 1360 837 1412 es,
862 1343 924 1402 sols
951 1341 1045 1417 gratia
1098 1345 1277 1402 dedeoorats
1293 1345 1424 1419 pudebit.

218 1427 325 1486 diuinae
351 1428 555 1502 inspirationis
584 1434 731 1504 operetur.
765 1433 839 1490 Nam
877 1433 955 1506 quod
985 1448 1045 1488 ma·
1433 1433 1548 1490 CAPUT
1573 1434 1610 1490 ll.

218 1517 298 1576 xime
321 1520 443 1587 bouum,
470 1518 500 1574 id
539 1520 644 1579 1260
670 1521 795 1578 maxime
822 1537 912 1594 penes
940 1521 1044 1592 Deum,
1133 1523 1401 1580 Nohlsexaroendee
1416 1522 1565 1594 patientie
1582 1520 1800 1586 austeritatem,
1816 1534 1873 1574 non
1885 1517 1925 1572 ai-

219 1622 274 1664 neo
287 1605 364 1664 elius
378 1604 408 1664 id
423 1623 512 1680 quem
527 1610 579 1682 qui
594 1609 726 1683 possidet
745 1611 908 1685 dispensat,
936 1614 969 1667 ut
983 1611 1044 1668 oui·
1098 1613 1214 1669 laetatio
1229 1612 1239 1647 ¹
1254 1611 1428 1685 humanust)
1438 1610 1549 1668 sanine
1564 1608 1793 1685 equanimitaiis
1804 1611 1925 1680 stupore

218 1712 276 1769 que
290 1695 441 1770 dignatur.
454 1698 559 1770 ltaque
574 1698 654 1756 velut
667 1699 806 1758 solatium
825 1701 880 1757 erit
894 1701 1045 1774 disputare
1099 1703 1224 1758 iormata
1239 1701 1290 1773 (5),
1306 1702 1356 1759 sed
1372 1701 1444 1758 viva
1459 1701 1470 1738 ⁹
1486 1717 1520 1758 eo
1544 1700 1669 1757 eoelestis
1693 1696 1856 1771 disoiplinae
1885 1695 1924 1772 (6)

218 1801 356 1860 supereo
371 1787 450 1858 quod
466 1787 524 1844 irui
539 1804 597 1844 non
612 1789 711 1861 datur,
739 1789 802 1847 vioe
828 1790 1043 1864 languentium,
1060 1832 1084 1898 B
1099 1789 1199 1846 divina
1212 1789 1365 1862 dispositio
1379 1789 1496 1862 delegat
1510 1790 1542 1857 ¹⁰,
1558 1788 1754 1861 Deumipsum
1765 1786 1924 1843 ostendens

218 1874 270 1947 qni
284 1890 352 1932 oum
369 1881 500 1933 vaoenia
514 1876 691 1946 sanitate,de
705 1879 792 1936 bonis
803 1880 867 1952 ejus
882 1884 1045 1938 tenerenon
1101 1879 1248 1952 patientie
1262 1878 1368 1937 12⁸2
1382 1876 1558 1950 exemplum.
1587 1881 1653 1933 iem
1682 1876 1812 1950 primurn
1828 1877 1851 1912 ¹¹
1873 1873 1923 1946 qui

219 1964 384 2020 norontlta
401 1964 588 2023 miserrimus
602 1979 794 2041 ego‚eemper
808 1983 885 2040 ager
899 1967 1046 2026 oslorihus
1101 1984 1197 2025 rorem
1213 1969 1235 2004 ¹¹
1250 1967 1325 2024 lueis
1340 1968 1430 2040 hujus
1451 1967 1489 2040 (l)
1504 1983 1593 2041 super
1618 1968 1717 2039 justos
1746 1969 1775 2021 et
1798 1964 1924 2034 injustos

219 2051 421 2126 impatientia,
453 2070 544 2127 quam
572 2071 631 2113 non
661 2056 781 2114 obtineo
796 2056 943 2129 patientia
967 2056 1047 2114 sani·
1101 2056 1254 2130 aequaliter
1268 2057 1391 2129 spargit,
1408 2056 1458 2130 qui
1475 2061 1643 2130 temporum
1670 2053 1777 2124 oiiioia,
1801 2043 1925 2110 elemen-

218 2143 320 2210 tatem,
351 2145 380 2198 st
399 2142 558 2215 suspirem,
588 2147 617 2202 et
643 2144 787 2214 inuooem,
805 2149 834 2202 et
848 2161 980 2218 perorem
997 2161 1046 2202 ne·
1101 2143 1337 2212 torumeervitie,
1353 2145 1444 2202 totins
1466 2145 1606 2219 genitura
1634 2143 1748 2200 tributa
1774 2141 1871 2214 dignis
1886 2140 1927 2195 si·

219 2233 369 2300 oesseest,
386 2247 453 2288 oum
465 2233 613 2302 reeordor,
634 2234 706 2292 etin
737 2250 810 2292 mem
837 2234 1047 2292 imbeoillitetis
1103 2234 1164 2292 mul
1180 2233 1687 2309 etindignispetitur¹⁸ooeurrere,
1717 2232 1869 2289 sustinens
1883 2229 1927 2284 in·

220 2319 469 2393 oontemplatione
481 2321 593 2396 digero,
613 2322 723 2381 honum
747 2322 815 2382 fidei
838 2323 1047 2392 valetudinem,
1103 2323 1287 2400 gratissimas
1302 2325 1447 2397 nationes,
1463 2323 1594 2380 ludibria
1604 2325 1711 2379 artium
1727 2324 1756 2377 et
1769 2334 1925 2392 operamu-

221 2412 251 2466 et
264 2407 422 2467 Dominioa
437 2409 603 2485 niseipline
616 2414 786 2480 sanitatem,
807 2429 865 2470 non
885 2414 970 2471 ieoile
987 2413 1048 2470 oui·
1104 2430 1197 2471 nuum
1213 2429 1336 2470 suarum
1352 2415 1520 2481 adorantes,
1550 2427 1657 2469 nomen
1681 2426 1748 2468 oum
1776 2407 1889 2464 familia
1904 2407 1927 2444 ¹⁸

223 2513 324 2570 quam,
340 2498 398 2555 nisi
414 2499 558 2572 patientie
572 2499 713 2570 assident,
741 2504 903 2577 provenire.
925 2503 967 2560 lta
983 2519 1048 2577 pro·
1103 2504 1198 2577 ipsius
1213 2506 1421 2577 persequentes
1436 2503 1486 2576 (8),
1502 2501 1661 2570 luxuriam,
1690 2497 1854 2568 avaritiam,
1872 2495 1927 2552 ini-

228 2585 325 2658 posita
338 2585 390 2644 Dei
404 2587 492 2645 rebus
505 2592 561 2659 est,
576 2593 608 2646 ιιι
623 2589 740 2647 nullum
767 2595 944 2664 prereptum
969 2591 1051 2649 obire
1105 2592 1260 2664 quitatem,
1281 2590 1494 2664 malignitatem
1509 2589 1639 2664 quotidie
1653 2587 1878 2644 insolescentem
1894 2585 1925 2657 ¹⁸,

229 2675 307 2750 quis,
333 2675 448 2734 nullum
473 2696 548 2753 opus
572 2679 695 2738 Domino
719 2677 927 2753 eomplaoitum
950 2697 1052 2755 perpe·
1105 2687 1201 2739 utsua
1217 2680 1273 2737 sibi
1285 2681 1426 2755 patientis
1441 2681 1577 2738 detrahet
1592 2697 1600 2737 ε
1616 2677 1716 2751 plures
1730 2676 1810 2733 enim
1827 2673 1926 2732 Domi·

227 2768 306 2822 trare
334 2771 491 2825 extraneus
519 2768 665 2842 patientia
694 2769 798 2843 possit.
832 2769 947 2827 Bonum
975 2771 1050 2842 ejus,
1105 2787 1177 2828 nirm
1197 2770 1306 2827 ideireo
1334 2787 1392 2827 non
1422 2770 1556 2841 eredunt,
1585 2767 1655 2842 quia
1683 2764 1790 2824 saeoulo
1817 2767 1926 2820 iratum

227 2853 317 2910 etiem
345 2855 396 2928 qni
426 2855 494 2913 oseoi
516 2856 649 2914 ⁸triturat
664 2858 701 2930 (2)
730 2875 854 2914 summe
867 2858 1052 2932 virtutisep·
1105 2858 1378 2916 tamdiuneseinnt.

226 2941 384 3014 pollutione
394 2943 542 3002 honorant
567 2946 589 3002 ι.
615 2946 785 3020 Philosophi
802 2949 902 3007 ml
919 2948 1050 3021 quidem,
1425 2945 1542 3004 CAPUT
1557 2947 1606 3003 til.

226 3030 762 3106 qnialieuiussapientiseanimaiie⁸
780 3037 1053 3109 deputentur,tan-
1142 3038 1177 3093 lit
1201 3036 1261 3092 hae
1289 3035 1408 3107 quidem
1438 3035 1459 3072 ¹⁸
1493 3035 1598 3093 divino
1626 3032 1774 3106 sapientia
1804 3030 1927 3104 speeies,

227 3123 293 3175 tum
308 3119 350 3176 illi
366 3121 551 3194 subsignant,
559 3129 588 3179 et
602 3139 669 3180 oum
684 3124 761 3182 inter
775 3141 840 3183 sese
853 3126 941 3184 variis
956 3130 1051 3184 seota-
1107 3124 1192 3198 qnasi
1207 3126 1243 3181 de
1258 3123 1420 3197 longinquo
1434 3124 1504 3195 iore,
1516 3127 1549 3180 ut
1563 3124 1600 3180 de
1609 3119 1927 3194 supernis,estimetur.

225 3223 292 3265 rum
312 3207 488 3268 lihidinibus
516 3215 545 3268 et
573 3215 788 3272 sententiarum
814 3215 1053 3273 aemulationihus
1069 3197 1090 3266 C
1106 3213 1180 3280 Quid
1193 3211 1243 3269 ilia
1257 3217 1354 3270 eutem
1371 3228 1435 3286 que
1451 3213 1527 3270 inter
1541 3211 1676 3269 homines
1704 3207 1801 3284 pelam
1823 3208 1853 3263 iu
1869 3211 1927 3263 ter-

934 3349 1037 3412 Variee
1051 3346 1213 3411 lectiones.

261 3465 518 3527 'Commendendi
533 3472 626 3528 lotio.
642 3473 654 3510 ⁸
668 3471 749 3530 Cara
759 3471 846 3530 Rhea.
862 3475 944 3530 Fron.
960 3475 972 3509 ⁸
987 3473 1228 3529 Honorentl'rou.
1243 3473 1333 3528 Puris.
1348 3472 1359 3507 ⁸
1373 3469 1516 3527 Animalia
1534 3471 1633 3526 Wouis.
1650 3466 1684 3524 il.
1701 3466 1727 3524 S.
1752 3468 1763 3503 ⁶
1778 3463 1823 3522 Ilii
1837 3464 1925 3520 Fron.

225 3540 320 3595 Poris.
335 3540 389 3598 'In
404 3542 487 3628 otest.
505 3543 609 3627 iligolt.
625 3544 636 3580 ⁸
650 3545 770 3630 Adeotio
787 3548 879 3603 Puris.
894 3546 905 3581 ⁹
920 3545 990 3602 Viva
1008 3546 1101 3602 Poris.
1117 3546 1139 3581 ¹⁰
1152 3544 1264 3614 Dirigat
1277 3543 1338 3626 otii
1347 3560 1358 3606 ,·
1373 3543 1476 3626 diligat
1489 3543 1576 3599 litere.
1593 3543 1614 3577 ¹¹
1630 3543 1693 3599 lun.
1705 3540 1751 3622 ¹ito
1764 3537 1925 3662 distinquit,

226 3611 392 3683 exemplum
403 3629 466 3686 Jam
482 3631 610 3688 primum
627 3632 634 3672 ι
650 3632 704 3689 qui
719 3616 831 3684 liorem,
848 3624 903 3675 eto.
920 3618 944 3655 ¹¹
958 3617 1071 3674 Florem
1087 3617 1172 3673 iiten.
1190 3615 1212 3653 ¹⁸
1227 3616 1358 3672 Patietur
1368 3613 1458 3672 simul
1471 3629 1623 3670 ooourrere
1636 3617 1722 3668 Parte
1737 3609 1853 3692 “ultumi
1867 3623 1926 3664 iam

225 3681 318 3812 'lim
328 3701 436 3744 nomen
451 3685 654 3747 Christianum
670 3703 742 3746 oum,
752 3688 865 3747 remilia
879 3687 988 3747 Christi
1001 3691 1066 3747 iun.
1084 3688 1106 3725 ¹⁸
1133 3687 1343 3745 inolescentem
1375 3687 1480 3744 Wouw.
1502 3687 1536 3741 ll.
1549 3685 1578 3742 S.
1594 3683 1655 3758 iliu.
1672 3683 1693 3719 ¹⁰
1712 3680 1836 3748 Quidem
1851 3679 1927 3737 otest

944 3847 1206 3913 Commentarius.

260 3968 520 4042 (tillemontium
535 3972 608 4028 toni.
625 3971 742 4045 Ubique
763 3973 823 4030 iere
849 3973 1049 4044 attentissima
1107 3972 1141 4028 de
1152 3975 1224 4027 Bono
1236 3981 1296 4043 ριιι.
1313 3973 1404 4028 Rssn.

226 4039 264 4094 de
283 4039 593 4124 soloquitur.siolih.
609 4042 756 4101 aaronis.
774 4061 782 4103 ε
800 4065 813 4096 s
829 4045 948 4102 Eamtu
978 4062 1047 4118 peo-
1138 4073 1174 4084 -
1193 4042 1307 4116 Stupore
1317 4045 1448 4114 formato.
1459 4041 1530 4097 Nam
1547 4037 1659 4096 seilicet
1670 4035 1806 4110 Diogenis
1818 4034 1928 4107 patien-

224 4114 376 4167 etormet
392 4113 586 4181 similis,imo
602 4115 837 4190 meminorlogo
866 4117 944 4174 onim
994 4135 1048 4174 ra·
1103 4115 1145 4172 tia
1161 4114 1276 4188 stupori
1288 4115 1418 4171 belluino
1432 4113 1559 4187 propior,
1586 4126 1675 4183 quam
1699 4107 1926 4164 humanetole·

223 4183 368 4267 stantiam
382 4183 412 4240 in
428 4184 542 4243 deliotis
555 4202 651 4244 meem
667 4189 816 4260 agnosoo),
832 4189 873 4246 ite
894 4133 1013 4246 iuvetis.
1034 4211 1048 4240 ι
1102 4185 1216 4242 rentiu-
1229 4186 1294 4242 laec.
1885 4249 1891 4264 ,

223 4253 505 4314 ethonestatis
518 4259 584 4328 sem.
601 4275 609 4316 :
626 4281 640 4311 u
656 4260 737 4325 Quod
762 4259 862 4334 ipsum
890 4260 975 4332 mihi,
991 4260 1048 4319 nti·
1138 4257 1177 4330 (6)
1190 4258 1244 4314 Sed
1258 4259 1330 4316 vivae
1343 4273 1375 4313 ee
1386 4256 1504 4312 eoeieste's
1518 4253 1686 4326 disciptinae,
1702 4255 1757 4308 eto.
1787 4249 1841 4306 i‘ro
1859 4247 1927 4306 deti-

223 4341 281 4398 que
315 4327 556 4398 reprehendendo
594 4329 624 4387 in
651 4330 801 4404 omnihus,
837 4333 1049 4404 reprehendere
1103 4327 1320 4402 autaliquando
1341 4329 1427 4384 nohis
1456 4325 1646 4384 scribendum
1675 4337 1740 4380 esse
1763 4321 1859 4378 visum
1881 4324 1927 4375 est

224 4398 690 4470 neuspermitrat.»1tteod.:«
715 4402 833 4460 Utinam
863 4404 1049 4462 miserrimus
1103 4401 1368 4472 diripuimuncin
1396 4399 1503 4470 deteget
1531 4396 1809 4454 mutavimustnon
1838 4390 1925 4461 mule,

224 4485 289 4543 ⁶8⁰,
306 4491 321 4520 >i
335 4473 391 4528 eto.
406 4475 470 4530 ltro.
1103 4477 1137 4528 ut
1151 4477 1300 4542 putamus.
1310 4467 1728 4594 listdeteporeinjunffisresive
1743 4463 1926 4523 committere

260 4540 300 4612 (2)
329 4542 420 4599 Elinoi
465 4543 495 4600 ui
520 4547 585 4601 caeci
606 4547 712 4601 uiuunt.
741 4544 807 4602 lisso
831 4545 1049 4618 scriptumest
1104 4541 1300 4614 eliquidzsio
1315 4544 1366 4600 lib.
1384 4560 1404 4598 ιι
1418 4541 1479 4598 edu.
1497 4542 1579 4596 llere¹
1620 4555 1684 4594 nan.

224 4611 410 4696 endiolsllul.
439 4560 550 4672 tinini
577 4617 609 4672 in
632 4613 698 4673 aliia
726 4615 857 4688 legitur:
886 4619 958 4687 Quia
980 4627 1090 4693 escol)
1140 4614 1178 4686 (7)
1193 4616 1247 4686 Qut
1260 4632 1351 4672 rorem
1364 4616 1434 4671 lueis
1450 4613 1543 4696 hujus.
1558 4611 1682 4694 Ethnno
1709 4606 1808 4663 locum
1830 4605 1925 4662 suavi·

224 4686 435 4758 nivennensi
463 4686 558 4760 magis
573 4688 609 4744 ad
636 4686 754 4759 genium
785 4687 959 4747 Tertulliani
983 4693 1050 4764 jure
1104 4689 1149 4742 ter
1163 4688 1300 4743 edisserit
1315 4687 1487 4760 Cyprianus,
1502 4685 1552 4741 lrh.
1568 4685 1618 4739 ort.
1634 4681 1667 4736 de
1678 4685 1744 4737 Bon.
1759 4681 1822 4735 Pet.
1836 4677 1924 4734 lines.

224 4754 377 4813 videatur:
394 4759 645 4830 quemadmodum
661 4760 739 4831 apud
752 4759 924 4818 iuvenalem
940 4778 947 4818 ε
1105 4755 1173 4826 aiii,
1191 4764 1222 4815 ut
1236 4765 1273 4815 hu
1288 4759 1387 4826 Cerdo,
1403 4757 1491 4831 leger.
1509 4757 1620 4884 eorem.
1642 4783 1677 4794 -
1693 4773 1705 4804 ι
1721 4751 1831 4807 Florem
1845 4749 1925 4806 tuen.

256 4863 307 4923 Qui
325 4863 568 4928 CoriossimnIent,
585 4865 914 4918 etheeehaneliavirunt.
961 4868 1018 4920 ilie.
1107 4829 1220 4958 {mide
1237 4832 1300 4888 ¹⁰⁰⁶
1329 4835 1373 4886 est
1391 4829 1478 4903 igni*
1533 4842 1594 4883 ΜΓ·
1625 4823 1675 4879 lib·
1704 4840 1754 4880 ”¹²
1782 4821 1926 4879 mmm

1180 4919 1217 4958 no
1235 4903 1412 4976 flammisset
1427 4901 1478 4958 iih.
1493 4917 1503 4955 1
1520 4897 1680 4958 :Ftnmmui
1692 4895 1833 4964 (ιιιιρνιιιιι
1846 4895 1924 4964 tiore.

223 4971 270 5026 sio
284 4970 317 5026 Β.
333 4971 496 5045 Cyprianus
512 4973 615 5030 eodem
630 4972 805 5030 hellenismo
816 4990 889 5032 usus
913 4980 967 5042 eat,
997 4974 1050 5032 lib.
1105 4971 1177 5026 Stat.
1194 4972 1245 5030 lih.
1262 4974 1363 5030 nitet.
1381 4991 1388 5031 :
1405 4974 1511 5029 Arenae
1530 4971 1669 5040 florentes,
1693 4965 1801 5023 lumine
1823 4972 1925 5093 gestes.

223 5039 258 5098 cte
280 5043 355 5099 Bono
379 5047 436 5116 pot.
454 5060 461 5100 :
479 5044 563 5110 noui
593 5059 650 5101 non
674 5043 825 5118 loquimur
850 5061 970 5119 magna.
999 5047 1050 5104 sed
1105 5041 1226 5101 Tertull.
1243 5047 1354 5118 Αροιορ.
1370 5062 1390 5101 ιι
1408 5043 1549 5102 :humine
1562 5039 1699 5112 floruisse.
1722 5039 1807 5096 ioan.
1845 5035 1925 5108 hrys.

222 5112 359 5178 vivimus,
382 5116 512 5185 »tquasi
543 5117 673 5174 dioarat:
696 5117 734 5172 ot
759 5113 872 5193 λαμπρὰ
895 5117 943 5192 μιν
970 5116 1051 5192 λιγο-
1105 5113 1184 5172 hom.
1216 5119 1248 5172 10
1278 5117 1322 5174 ad.
1350 5123 1415 5188 Pop.
1439 5117 1528 5171 Ant:
1551 5111 1594 5169 Τὰ
1616 5108 1730 5165 ποικίλα
1751 5112 1805 5164 edii
1819 5108 1925 5182 ἄστρων

223 5203 284 5258 pse,
299 5182 373 5241 iile
390 5187 489 5258 ζῶμιν,
501 5204 553 5260 ριο
569 5184 715 5263 λαμπρῶς.
733 5190 773 5245 Ln
784 5189 835 5257 Pa,
1104 5181 1184 5258 ἄνοη,
1197 5197 1341 5244 astrorum
1356 5188 1429 5245 uerti
1441 5189 1531 5258 tiores.
1547 5183 1635 5240 Plura
1659 5182 1703 5239 his
1719 5196 1772 5254 ego
1792 5179 1926 5236 dioebam

259 5255 298 5328 (3)
313 5257 522 5316 iilamaiudom.
538 5260 584 5316 Sin
601 5261 709 5318 hahent
723 5260 902 5335 exemplaria
916 5261 1049 5334 antiqua.
1105 5256 1135 5312 in
1151 5257 1424 5316 iib.v11AEneid.ln
1440 5274 1510 5314 mes.
1531 5260 1682 5312 estrorem
1706 5253 1786 5321 lucie,
1801 5252 1926 5308 sortasse

224 5327 290 5384 itio.
1105 5332 1175 5400 quia
1189 5334 1293 5404 spargit
1304 5352 1314 5400 ,·
1326 5332 1376 5388 sed
1393 5329 1464 5386 nihil
1481 5332 1573 5384 muto.
1591 5349 1605 5378 n
1616 5325 1684 5382 Leo.

260 5400 300 5472 (l)
323 5401 383 5458 lien
412 5401 556 5475 allatione
583 5400 720 5458 humano.
747 5403 795 5460 Sie
809 5419 844 5459 ex
869 5403 968 5460 3liss.
998 5422 1051 5477 pro
1145 5404 1183 5478 (8)
1198 5403 1373 5460 Nemeaeum
1388 5401 1598 5474 sumiliurpsises
1620 5402 1822 5468 persequentes.
1849 5389 1924 5472 lied-

222 5469 337 5554 effectio
350 5492 361 5537 ,·
376 5489 444 5529 nam
461 5472 538 5528 haud
551 5470 728 5529 absimiliter
741 5479 770 5530 S.
785 5475 1050 5548 Cyprianus,etiam
1106 5479 1172 5534 dam
1185 5475 1280 5531 libens
1295 5473 1370 5548 quod
1389 5475 1548 5530 Rhenanus
1561 5468 1663 5533 edidit,
1692 5471 1722 5520 ot
1749 5461 1926 5546 exemplaria

225 5546 333 5600 oriente
349 5543 587 5602 Rhenanam.
1105 5565 1177 5606 mss.
1192 5547 1385 5620 eomprohant
1401 5565 1408 5602 :
1424 5568 1438 5596 u
1452 5547 1574 5611 Nomen,
1591 5536 1737 5624 familiam·
1757 5536 1925 5622 ipsiusper·

261 5613 299 5688 (5)
315 5618 432 5676 Ceninae
445 5615 669 5691 aequanimitatis
692 5618 1050 5688 stuporelormotodntel-
1105 5623 1271 5694 sequentes.
1290 5623 1429 5676 »Nomen
1454 5623 1553 5674 antem
1582 5611 1654 5668 droit
1671 5609 1882 5677 Christianum,
1899 5609 1927 5662 et

224 5682 293 5758 ligit
306 5689 440 5762 oynionm
451 5691 512 5747 sive
526 5685 712 5761 Diogenioam
746 5687 944 5747 tolerantiam.
968 5690 1052 5748 iiuno
1105 5690 1246 5749 inmittam
1263 5692 1368 5766 ipsius,
1384 5690 1496 5748 soiiioet
1511 5683 1630 5755 Christi,
1658 5681 1713 5739 hoo
1728 5686 1773 5739 est
1783 5677 1925 5738 Christia-

225 5755 324 5816 loenm
340 5761 496 5820 aemulator
512 5757 697 5829 Tertulliani,
712 5759 873 5834 Cyprianus
888 5763 983 5834 effert
997 5761 1050 5834 lib,
1105 5780 1170 5824 nos.
1180 5765 1243 5822 ltro.
1775 5787 1776 5790 ¹
