4096 6180
449 18 457 52 l

214 297 271 364 723
473 301 737 374 uuerttpulllal
760 305 921 365 debedat
944 303 1047 364 PARS
1069 299 1094 363 l.
1110 334 1149 346 -
1170 301 1308 364 sutiles
1330 302 1355 378 l,
1376 301 1661 366 aeocoeuutua.
1850 307 1904 371 'iil

216 433 307 492 unius
321 434 473 492 dementim
488 451 548 492 una
562 451 617 492 vex
641 439 697 493 est.
720 437 899 510 (ὶοςιιιιειοΠ
924 437 1043 518 demeu-
1060 435 1247 506 Ajubemur.
1263 439 1323 490 Hoc
1339 435 1429 508 igitur
1451 436 1538 492 modo
1562 435 1650 492 etiam
1673 435 1806 494 atbeatre
1830 437 1905 512 sepa'

152 581 154 591 ,
217 525 290 581 tiam
305 524 342 581 ds
356 524 493 582 vanitate.
512 523 592 580 Misit
607 525 710 582 dicunt
725 525 793 598 (68),
805 531 833 584 et
852 525 992 582 nuntiant
1006 524 1048 580 in·
1102 539 1214 592 remur,
1230 523 1308 595 quod
1332 530 1377 580 est
1402 523 1548 596 privatum
1571 524 1771 582 consistorium
1795 526 1908 600 impudi·

200 614 320 685 ,vicem
337 614 415 686 qued
432 613 520 670 simul
537 613 574 670 eb
589 615 728 672 omnibus
752 617 847 672 visum
870 619 924 670 est.
951 615 1047 670 'leaeo
1102 611 1237 670 eitieuoi
1253 612 1326 668 nihil
1341 613 1493 685 probatur,
1504 629 1594 685 quam
1605 614 1681 685 quod
1700 613 1766 670 olibi
1781 631 1835 672 non
1851 633 1908 690 pro·

218 703 422 760 testimouium
437 702 577 758 caecitatis
592 702 670 775 (69),
686 720 744 759 nen
769 704 869 760 vident
895 703 965 776 quid
990 703 1047 759 sit:
1103 702 1191 758 batur
1217 701 1260 757 lta
1283 718 1402 758 summa
1423 701 1518 774 gratia
1541 703 1606 773 ejus
1630 703 1666 758 de
1689 703 1808 775 spuritie
1829 705 1909 778 pluri-

220 808 357 865 mappam
375 791 495 848 missam
512 797 635 863 putant:
652 793 703 848 sed
729 797 775 849 est
797 793 906 850 diaboli
931 793 966 849 ab
989 791 1049 848 alto
1104 807 1185 846 mum
1201 789 1376 846 concinnata
1403 795 1458 860 est,
1487 806 1575 863 quam
1598 788 1747 847 Atellanus
1769 792 1909 865 gesticula-

221 881 396 954 praecipiteti
411 881 434 916 ⁸⁸
449 881 519 955 gula
535 881 558 916 ⁸⁹
572 882 639 953 (70).
656 885 695 936 Ex
719 897 753 938 eo
775 882 874 954 itaque
897 883 955 938 itur
965 881 993 936 in
1006 882 1049 937 lu·
1103 883 1149 936 lor
1163 879 1231 950 (72),
1247 895 1335 949 quam
1351 879 1461 935 mimus
1476 879 1566 935 etiam
1579 895 1631 953 per
1653 878 1798 948 mulieres,
1820 899 1912 956 repra-

128 968 135 977 ‘
219 968 280 1026 rias
295 973 323 1026 et
336 968 450 1026 animes
464 974 494 1025 et
508 971 584 1025 eeu
600 975 630 1026 ct
652 969 827 1036 discordias,
853 973 882 1026 et
905 969 1050 1042 quidquid
1105 973 1213 1038 scatet,
1229 984 1331 1024 sexum
1345 967 1466 1040 pudoris
1481 967 1681 1025 exterminans
1695 969 1750 1040 (75)
1765 973 1794 1024 ut
1811 970 1912 1029 lucilius

219 1073 279 1114 non
295 1056 365 1114 licet
379 1059 582 1114 sacerdotibus
602 1059 692 1130 pacis.
709 1058 780 1114 lade
802 1058 968 1124 maledieta,
985 1074 1051 1114 eon·
1105 1057 1185 1114 dumi
1200 1073 1289 1128 quam
1306 1057 1336 1112 in
1361 1073 1449 1113 scena
1474 1058 1668 1126 erubescant;
1693 1072 1778 1130 quam
1803 1059 1914 1132 donique

218 1147 294 1204 vicia
321 1145 385 1202 siue
396 1147 523 1219 justitia,
539 1147 597 1203 edii
615 1147 701 1202 ctiam
718 1147 859 1220 suffragia
874 1148 897 1182 ‘⁰
911 1146 975 1204 sine
989 1163 1050 1202 me·
1105 1144 1297 1216 pantominus
1312 1161 1329 1200 a
1344 1145 1470 1216 pueritie
1485 1144 1595 1217 patitur
1612 1145 1642 1200 in
1667 1161 1795 1216 corpore,
1819 1149 1849 1200 ul
1874 1162 1913 1201 ar-

224 1236 280 1292 rito
295 1236 416 1292 amoris.
432 1235 507 1300 Quid
533 1235 612 1291 enim
637 1236 824 1292 consecuturi
851 1251 939 1292 suum
954 1237 975 1272 ⁴¹
991 1233 1052 1290 illio
1106 1233 1176 1290 tissa
1188 1249 1252 1290 osse
1268 1233 1371 1306 possit.
1388 1234 1455 1306 lpse
1470 1232 1558 1290 etium
1574 1232 1737 1305 prostibula
1751 1233 1864 1306 publice
1882 1231 1914 1290 li·

221 1327 323 1396 agunt,
339 1325 390 1396 qui
405 1323 454 1379 sui
469 1339 527 1379 nen
545 1323 638 1380 sunt?
650 1324 707 1380 nisi
723 1325 795 1380 l'orte
810 1324 864 1381 hcc
879 1323 986 1392 solum,
1001 1340 1053 1396 per
1107 1321 1216 1378 bidinis
1231 1322 1334 1379 hestioe
1349 1323 1378 1378 in
1395 1339 1483 1380 scena
1498 1323 1698 1394 proferuntur,
1727 1322 1791 1395 plus
1817 1322 1915 1380 misere

221 1413 541 1484 quodsuinonsunt:
559 1413 705 1470 dealiena
729 1413 901 1471 infelicitate
928 1414 1052 1471 contris·
1107 1411 1314 1483 inpraesentia
1343 1411 1529 1478 teminorum,
1560 1411 1669 1483 quibus
1695 1411 1764 1468 selis
1791 1410 1915 1484 latebant,

222 1505 335 1571 tantur,
351 1501 386 1557 de
403 1501 499 1558 aliena
515 1500 653 1558 felicitate
667 1501 811 1558 laetantur.
838 1502 985 1574 Quidquid
1002 1519 1052 1574 op·
1108 1516 1216 1572 perque
1230 1500 1327 1557 omnis
1342 1500 1449 1568 estatis,
1464 1499 1561 1557 omnis
1570 1499 1724 1574 dignitatis
1736 1517 1786 1557 cre
1795 1502 1915 1557 transda-

223 1593 300 1657 tant,
312 1588 455 1661 quidquid
467 1590 687 1659 abominantur,
698 1597 869 1648 extraneum
881 1592 917 1648 ab
928 1591 988 1648 illis
997 1596 1053 1672 est,
1107 1592 1232 1646 cuntur:
1249 1588 1341 1659 locus,
1358 1589 1461 1662 stipes,
1475 1587 1615 1662 elogium,
1633 1589 1722 1647 etiam
1737 1590 1915 1662 quibusdbd

218 1677 304 1735 itaet
317 1693 400 1734 arnor
413 1679 491 1750 apud
508 1677 574 1734 illos
588 1679 712 1744 otiosus,
726 1685 756 1736 et
769 1680 870 1737 odium
896 1680 1052 1750 injustum.
1108 1694 1182 1751 opus
1198 1695 1255 1735 non
1280 1682 1334 1747 est,
1359 1677 1544 1752 predicatur.
1568 1680 1660 1736 Tacen
1687 1679 1722 1735 de
1745 1679 1867 1752 reliquis,
1888 1695 1916 1736 ea

220 1769 258 1824 At
272 1766 392 1824 l'ersitan
409 1766 473 1823 sine
488 1767 511 1803 ⁸¹
526 1784 616 1824 causa
631 1784 732 1825 emere
757 1767 853 1836 liceat,
876 1785 965 1842 quam
989 1769 1053 1826 sine
1108 1783 1172 1840 quos
1185 1766 1354 1825 intenebris
1366 1767 1435 1824 etin
1449 1766 1599 1840 speluncis
1611 1766 1674 1824 suis
1689 1767 1853 1825 delitescere
1871 1768 1916 1824 de·

222 1871 313 1913 causa
327 1854 433 1912 odisse.
453 1855 530 1911 Deus
546 1861 623 1912 certe
639 1855 727 1913 etiam
739 1874 807 1913 cum
819 1874 908 1914 causa
918 1857 1052 1930 prohibat
1106 1855 1199 1926 nebat,
1210 1871 1246 1912 ne
1257 1855 1333 1912 diem
1355 1854 1599 1911 contaminarent.
1622 1854 1782 1911 Erubescat
1796 1857 1914 1922 senatus,

222 1944 332 2012 odisse,
347 1943 398 2016 qui
415 1942 550 2001 inimicos
566 1945 650 2018 diligi
661 1945 757 2016 jubet,
776 1947 851 2003 Deus
872 1945 961 2003 etiarn
983 1963 1051 2003 curn
1106 1944 1280 2002 erubescant
1294 1942 1412 2001 ordines
1427 1959 1541 2001 omnes.
1558 1943 1631 2016 lpse
1657 1942 1714 1999 illm
1737 1943 1852 2016 pudoris
1873 1941 1913 1998 sui

222 2045 313 2088 cause
329 2029 504 2088 maledicere
520 2049 578 2088 non
596 2033 743 2105 cinitoni
769 2033 977 2092 maledicentes
1002 2035 1051 2092 be·
1105 2035 1352 2108 interemptrices,
1368 2035 1405 2090 de
1419 2033 1553 2107 gestibus
1569 2033 1633 2090 suis
1647 2033 1683 2090 ad
1709 2032 1802 2090 lucem
1823 2036 1851 2090 et
1870 2047 1913 2105 po·

223 2117 319 2176 nediei
336 2119 468 2194 precipit
496 2121 602 2194 (ldattlt.
630 2139 656 2190 v,
686 2123 769 2179 llere.
799 2141 849 2193 vu,
874 2129 952 2181 Item.
978 2123 1050 2197 ιιιι)
1106 2123 1210 2196 pulum
1224 2127 1458 2195 expavescentes,
1474 2120 1565 2178 semel
1582 2138 1659 2178 anno
1675 2123 1842 2180 erubescant
1855 2121 1913 2193 (tl).

223 2207 279 2265 Sed
295 2209 371 2265 circo
386 2209 457 2280 quid
472 2211 614 2279 amarius,
630 2211 680 2267 ubi
694 2229 730 2268 ne
740 2212 923 2286 principibus
933 2212 1052 2285 quidem
1106 2212 1188 2278 Quod
1204 2211 1230 2268 ei
1245 2209 1329 2268 nobis
1348 2211 1446 2268 omnis
1469 2210 1654 2284 impudicitia
1677 2210 1848 2268 exsecranda
1869 2213 1916 2282 est,

225 2299 276 2354 aut
290 2296 402 2355 civibus
418 2299 480 2354 suis
497 2299 647 2371 pereunti
666 2299 695 2355 si
720 2302 790 2374 quid
815 2302 920 2359 horum
944 2301 1051 2374 quibus
1106 2317 1160 2358 eur
1173 2301 1260 2358 liccat
1275 2300 1376 2357 audire
1392 2317 1455 2372 quer
1471 2299 1550 2373 loqui
1565 2317 1623 2357 non
1639 2300 1733 2357 lieet?
1746 2299 1816 2356 Cum
1841 2299 1917 2356 etiam

112 2414 118 2426 .
225 2385 321 2443 circus
349 2386 429 2456 lurit,
458 2386 566 2444 alicubi
595 2391 734 2462 competit
753 2390 875 2454 sanetis,
903 2391 992 2448 etiam
1021 2391 1052 2448 in
1106 2387 1314 2447 scurrilitatem
1330 2392 1359 2445 et
1373 2403 1459 2445 omne
1472 2403 1580 2444 vanum
1595 2387 1919 2458 verbumjndicetuma

226 2475 303 2532 circo
331 2475 440 2532 licebit.
469 2477 497 2532 si
526 2493 592 2534 vero
633 2495 792 2550 nusquam,
829 2479 894 2536 ideo
934 2495 986 2536 nec
1021 2481 1050 2536 in
1106 2477 1483 2551 Deoeciamns,curaequs
1506 2476 1594 2534 liceat
1618 2477 1729 2544 videre,
1753 2493 1814 2550 que
1837 2477 1918 2532 lacere

127 2553 131 2567 '
227 2563 314 2619 circo.
1106 2566 1249 2641 flagitium
1265 2566 1334 2624 est?
1348 2569 1405 2622 Gur
1419 2583 1483 2639 qum
1508 2583 1558 2624 ere
1578 2566 1694 2639 prolata
1716 2565 1917 2624 communicant

527 2689 643 2746 CAPUT
662 2690 747 2746 XVII·
1105 2656 1265 2724 hominem,
1281 2673 1315 2713 ea
1330 2673 1382 2728 per
1395 2655 1496 2712 ocules
1509 2660 1539 2713 et
1553 2673 1640 2713 eures
1656 2656 1787 2712 admissa
1811 2672 1864 2712 non
1882 2653 1918 2708 ai·

875 2747 877 2750 ’
1105 2748 1231 2802 deantur
1245 2744 1394 2800 bominem
1411 2744 1647 2801 communicare:
1664 2761 1730 2802 cum
1745 2741 1857 2817 spiritui
1871 2758 1916 2814 np-

259 2829 403 2888 Similiter
416 2830 633 2905 impudicitiam
656 2833 679 2869 ⁴³
708 2849 824 2890 omnem
853 2833 968 2890 amoliri
993 2835 1049 2906 (71)
1105 2839 1328 2908 percanteures
1349 2832 1407 2906 (75)
1429 2838 1458 2890 et
1484 2832 1572 2904 oculi,
1596 2849 1648 2888 nec
1676 2832 1770 2906 pessit
1801 2829 1917 2888 mundus

950 2969 1054 3031 Varias
1068 2969 1218 3034 lectiones

259 3089 281 3124 ⁸⁷
296 3087 446 3161 Cognosce
461 3091 521 3158 Rip.
560 3089 923 3147 stereeitatiearedm.
965 3093 1119 3164 ⁸⁹Figura,
1136 3093 1219 3150 Seml.
1257 3090 1494 3164 ‘⁰Siuejustilia
1515 3089 1698 3161 odil;etiam
1715 3089 1849 3162 suffragia
1867 3088 1917 3156 llip.

223 3160 244 3196 ⁴⁴
262 3159 343 3224 Quod
359 3162 437 3216 euim
454 3177 541 3216 suum
556 3161 744 3218 consecuturi
770 3164 905 3234 suntqui
929 3163 989 3236 Rip.
1027 3165 1101 3221 ⁴¹ttt
1132 3164 1253 3220 forsitan
1280 3163 1345 3219 sine
1372 3167 1454 3220 Fron.
1485 3165 1576 3220 Paris.
1605 3165 1649 3218 An
1681 3163 1740 3220 lora
1768 3161 1815 3220 sit.
1841 3157 1914 3214 Seml.

222 3231 331 3288 Oberllt.
370 3232 393 3268 ⁸⁸
408 3232 548 3290 Similiter
563 3249 616 3291 neo
630 3233 847 3306 impudlcitiam
863 3251 980 3292 ornnem
997 3251 1095 3292 amare
1110 3235 1168 3307 llip.
1423 3247 1428 3260 ¹

946 3367 1206 3436 Commentarius.

259 3486 316 3558 (68)
331 3488 413 3556 llicit,
443 3488 550 3546 dicuat.
573 3489 669 3546 Placet
691 3489 790 3546 Ruaaei
812 3491 969 3559 sententia,
995 3491 1045 3563 qui
1063 3493 1084 3561 c
1104 3493 1190 3562 Epist.
1221 3497 1249 3548 et
1262 3490 1281 3546 l.
1297 3491 1330 3547 de
1345 3491 1446 3564 δραι),
1462 3506 1487 3546 o.
1502 3489 1548 3563 5);
1564 3489 1697 3547 Lactant.
1721 3489 1756 3560 (l.
1771 3504 1808 3554 ur,
1823 3503 1845 3542 o.
1859 3483 1914 3552 20l;

222 3559 314 3614 tradit
329 3559 448 3630 signum
465 3561 556 3617 luisse
570 3561 846 3618 committendorum
866 3563 1046 3635 aurigarum.
1103 3569 1175 3636 Aug.
1192 3563 1223 3634 (1.
1244 3580 1275 3630 ιι,
1305 3563 1338 3619 de
1363 3563 1443 3619 Ciuit.
1469 3563 1528 3631 Dra,
1556 3576 1581 3617 c.
1598 3561 1624 3629 l,
1639 3563 1668 3632 5,
1683 3563 1711 3629 6,
1731 3563 1759 3631 7,
1778 3561 1805 3625 8,
1827 3559 1853 3626 9,
1875 3553 1912 3620 ld,

224 3629 421 3686 Confirmatur
435 3631 564 3703 idipsum
584 3649 618 3688 ex
646 3634 785 3690 Suetonio
805 3635 869 3717 llil.
895 3635 995 3690 Neron.
1022 3651 1046 3690 c.
1104 3636 1147 3706 ll,
1166 3637 1198 3690 12
1214 3639 1241 3690 et
1260 3633 1316 3706 (3).
1332 3633 1447 3690 alludit
1469 3639 1568 3690 nutem
1593 3631 1639 3690 bic
1665 3635 1774 3690 Auctor
1795 3630 1827 3686 nd
1851 3625 1914 3709 illud

223 3701 281 3769 22),
294 3699 417 3757 Martiali
432 3701 462 3769 (1.
475 3707 524 3772 xiil
543 3709 571 3760 et
586 3703 720 3760 iuvenali
742 3705 841 3776 (Satir.
864 3707 944 3777 xxii).
966 3706 1048 3762 Certe
1102 3707 1191 3762 Illerci
1207 3707 1278 3775 (ιιι),
1293 3706 1329 3760 de
1349 3723 1407 3778 quo
1423 3703 1536 3776 reliqua
1559 3703 1630 3760 citat
1645 3705 1702 3762 sub
1727 3705 1812 3760 linem
1835 3699 1913 3768 harus

225 3777 356 3829 nostram
381 3776 557 3830 senteutiam
575 3792 671 3831 veram
689 3793 753 3832 csse
769 3775 913 3832 convincit
929 3777 1048 3832 Cassio·
1103 3779 1227 3850 capitis:
1245 3779 1312 3846 Qrise
1326 3776 1359 3832 de
1374 3778 1484 3832 lamiae
1507 3783 1620 3844 exeunt,
1645 3778 1698 3831 illa
1723 3771 1914 3832 communicarit
2012 3819 2013 3834 .

226 3844 405 3913 dornellar.
431 3843 451 3900 l.
473 3861 515 3913 ιιι,
545 3863 591 3919 ep.
620 3849 652 3904 51
683 3849 718 3904 ad
746 3849 875 3904 Faustam
902 3850 1047 3922 premat:
1103 3849 1343 3914 leoma'eem,etc.;
1366 3848 1543 3904 lortassiset
1566 3847 1640 3903 illud
1665 3849 1748 3904 Rom.
1774 3860 1842 3902 aiu:
1864 3842 1914 3896 lloa
2012 3845 2013 3920 l

226 3937 241 3968 e
254 3919 368 3987 Mappa,
385 3915 491 3988 inquit,
507 3935 571 3990 quae
587 3919 704 3991 signum
721 3920 789 3975 ders
816 3919 889 3974 solet
910 3920 1046 3976 circensi·
1103 3923 1135 3978 ιἰι
1150 3920 1288 3976 cubilitus
1303 3928 1329 3974 ct
1344 3919 1534 3992 impudicitiis.
1551 3922 1625 3976 Ριιι.
2012 3939 2013 3948 ’

225 3986 788 4061 bas,tnlioasulluxitinmorem,Cum
807 3991 1047 4059 Neroprandium
1140 3992 1193 4063 (72)
1223 3992 1365 4048 Attelcaua
1393 3991 1578 4063 perticatulae
1610 3989 1756 4046 ludiones
1791 3978 1912 4042 Attellani
2012 4005 2013 4016 ι

226 4060 420 4131 protenderet,
438 4065 466 4116 et
479 4062 667 4128 celeritatem,
682 4061 832 4120 utnssolet
850 4063 952 4119 avidus
966 4079 1047 4136 spec·
1102 4064 1251 4120 notissimi
1268 4067 1339 4120 sunt
1362 4063 1398 4118 ab
1428 4063 1499 4119 urbe
1520 4059 1624 4126 Atella,
1649 4066 1767 4118 vetusto
1789 4062 1914 4112 Oscorum

224 4131 306 4186 tandi
323 4131 450 4214 popalus
466 4131 633 4206 dagittarot,
646 4133 851 4218 illemappam,
865 4139 1048 4206 quatergen·
1103 4136 1226 4207 oppido:
1243 4149 1277 4188 ea
1291 4135 1319 4190 in
1338 4135 1408 4189 urbe
1423 4135 1573 4208 egregium
1589 4136 1652 4189 erat
1665 4132 1736 4189 olim
1747 4125 1915 4202 amphithea-

225 4202 271 4258 dis
287 4205 425 4259 manibus
441 4207 586 4270 utebatur,
599 4207 691 4278 jussit
703 4207 790 4279 abjici
807 4222 858 4278 per
878 4205 1048 4278 fenestram,
1103 4211 1202 4274 trurn;
1219 4206 1326 4261 videris
1340 4205 1370 4260 C.
1388 4205 1609 4278 Hieronymum,
1625 4203 1714 4276 Epist]
1740 4203 1774 4260 ed
1794 4197 1914 4259 Subicio·
2012 4239 2013 4242 ι

226 4285 254 4330 ιιι
274 4273 435 4330 libertatem
452 4277 534 4331 duret
546 4277 716 4334 certaminis
734 4274 883 4350 postulati.
900 4279 973 4334 Hinc
988 4285 1047 4334 tra·
1101 4295 1180 4334 nam.
1193 4283 1229 4332 tra
1245 4277 1294 4332 Pe.
1883 4335 1889 4348 .

226 4352 304 4402 otum
318 4351 373 4414 est,
390 4351 432 4414 ut,
446 4355 564 4404 ostensa
584 4366 700 4421 mappa,
725 4353 804 4404 certe
825 4348 958 4404 videatur
984 4366 1048 4406 esse
1139 4349 1193 4420 (73)
1210 4349 1310 4404 Secum
1324 4345 1437 4418 pudoris
1451 4347 1650 4402 eatermiuane.
1679 4345 1778 4402 Greoe
1798 4339 1913 4470 shrael&

228 4418 384 4489 promissio
400 4420 574 4475 circensium
591 4419 735 4476 furorum.
752 4439 765 4472 ιι
782 4421 852 4476 Ριιι.
1103 4420 1209 4476 Sexum
1227 4421 1310 4490 longe
1325 4436 1342 4473 a
1355 4417 1465 4490 pudore
1493 4418 1654 4473 abducens.
1677 4417 1775 4473 Graeca
1808 4415 1913 4468 oculto:

263 4487 319 4558 (oe)
335 4489 417 4545 Teneo
432 4491 621 4548 testimenium
632 4493 774 4550 caecitetia.
790 4491 914 4547 Hoccst.
935 4495 1048 4547 accuso
1103 4497 1236 4547 statuens
1264 4497 1345 4548 extra
1370 4489 1512 4544 terminos
1533 4488 1665 4560 pudoris.
1690 4488 1752 4544 ltin.
1770 4515 1802 4528 -
1821 4483 1914 4538 seeum

226 4558 363 4614 cecitatis
390 4561 424 4616 Et
439 4562 595 4618 cecitatem
612 4563 735 4635 explicat
749 4562 896 4634 deinceps.
913 4561 976 4617 lire.
1102 4565 1220 4634 pudoris
1243 4563 1442 4619 exterminans.
1467 4559 1562 4614 Retuli
1587 4561 1622 4616 ad
1649 4560 1835 4614 nudationem
1858 4567 1912 4608 cor·

263 4629 319 4698 (70)
334 4631 387 4685 Sed
401 4643 438 4686 eet
453 4634 557 4690 diaboti
571 4635 606 4689 ab
621 4637 677 4690 alle
697 4636 868 4706 precipitari
889 4634 966 4703 pala.
994 4633 1048 4688 Ex·
1124 4651 1218 4702 eruut,
1237 4652 1302 4690 riam
1320 4633 1416 4689 mimae
1431 4632 1471 4686 ita
1483 4647 1559 4702 sepe
1569 4630 1597 4685 in
1610 4630 1734 4687 theatro.
1745 4627 1836 4685 valer.
1847 4623 1911 4680 lter.

227 4701 391 4823 pressimus
407 4705 515 4760 codicis
533 4707 724 4763 vetustissimi
739 4707 927 4778 scripturam.
957 4707 1049 4760 Antea
1104 4653 1154 4762 fib.
1168 4724 1209 4774 m,
1222 4705 1345 4777 loquens
1356 4705 1391 4759 de
1404 4702 1554 4759 floralibus
1565 4704 1618 4776 alt¹
1636 4701 1676 4758 ld.
1698 4701 1797 4758 Porcio
1816 4698 1912 4754 Catone

239 4773 399 4840 tegebatur:
417 4796 430 4823 e
448 4773 556 4831 Diaboli
574 4778 610 4831 ab
635 4777 694 4833 ulto
718 4776 889 4849 praecipitati
912 4775 1016 4846 figura,
1032 4798 1046 4826 a
1104 4783 1254 4849 spectante
1271 4778 1323 4832 bos
1338 4776 1424 4832 ludos
1439 4773 1580 4846 populum
1595 4774 1750 4830 crubuisse
1768 4765 1912 4844 postulare,
2012 4797 2013 4814 ι

225 4843 361 4924 acumine
376 4844 491 4901 obtuso.
509 4847 618 4903 alludit
632 4850 709 4904 enim
725 4852 761 4905 ad
776 4865 810 4905 ea
823 4847 987 4919 queceacria
1000 4864 1046 4919 pa·
1061 4861 1084 4926 1)
1101 4859 1133 4906 ut
1149 4850 1245 4905 mimos
1262 4848 1453 4904 nudarentur.
1470 4847 1551 4910 Quod
1567 4861 1633 4902 cum
1650 4845 1721 4902 Cata
1737 4840 1913 4925 cognosceret
1937 4851 1944 4871 ·
2012 4873 2013 4898 l

223 4926 305 4996 gruis
316 4915 474 4972 traduntur
488 4918 525 4973 de
544 4923 660 4986 Salano,
690 4937 777 4992 quem
807 4921 843 4975 de
870 4918 941 4975 coelo
969 4918 1046 4978 lleus
1101 4921 1235 4977 alsonia
1250 4918 1432 4976 amicissimo
1446 4934 1505 4974 uno
1520 4933 1618 4973 seeum
1634 4918 1755 4973 sedente
1776 4931 1805 4970 ιιι
1832 4907 1912 4986 ludu,
2012 4927 2013 4930 ¹

223 4989 283 5056 egit
298 4999 326 5040 m
342 4986 464 5044 Tartara
479 4990 667 5062 precipitem.
685 4993 785 5064 ltaque
799 5007 936 5062 mappam
963 4989 1044 5046 illam
1100 4993 1236 5048 discessit
1262 5008 1278 5046 e
1303 4990 1426 5058 thestro,
1448 5004 1484 5044 ne
1508 4987 1665 5062 presentia
1688 5005 1744 5044 sua
1767 4975 1912 5059 spectaculi
2012 4993 2013 5044 ,

221 5055 1045 5133 Septimius,qaamProetorpresigaomitteresolebat,
1099 5063 1342 5120 consuetudinem
1357 5060 1522 5134 impediret.
1539 5060 1601 5116 Lac
1832 5119 1858 5134 Η
2012 5103 2013 5134 ᾖ

221 5141 357 5206 melpum
375 5146 438 5186 esee
454 5139 549 5202 negat.
568 5135 614 5188 Ait
628 5134 801 5206 veroipeum
811 5149 875 5190 esse
884 5133 1045 5200 diabolum,
1136 5137 1191 5207 (77)
1219 5136 1308 5191 Semel
1329 5149 1402 5188 unae
1425 5132 1582 5188 erubescent
1606 5129 1769 5186 Floralibus
1800 5121 1912 5202 scilicet.
2012 5175 2013 5188 ,

222 5212 270 5266 qur
289 5205 366 5256 letus
381 5201 460 5282 gula,
477 5207 556 5261 lotus
571 5221 676 5276 gurges
688 5209 766 5262 totus
782 5221 886 5278 vorago
903 5205 1043 5275 expandi·
1100 5223 1174 5278 quos
1200 5207 1284 5262 ludos
1313 5222 1330 5260 e
1358 5203 1522 5260 meretricie
1546 5203 1632 5259 turba
1651 5197 1791 5258 celebrari
1818 5192 1910 5278 solitos
2012 5195 2013 5220 l

221 5273 279 5338 tur,
296 5273 324 5326 et
340 5272 410 5328 lurut
424 5273 535 5331 effusus
551 5280 611 5332 loto
628 5273 715 5345 circo,
732 5281 759 5333 et
774 5277 854 5333 sevit
865 5277 1044 5332 immaniter.
1100 5282 1201 5334 narrat
1215 5277 1346 5343 Ovidius,
1363 5277 1466 5332 laeter.
1482 5275 1515 5330 V.
1534 5275 1564 5331 ln
1580 5271 1617 5329 iis
1629 5273 1707 5330 euim
1724 5271 1910 5346 meretricum,

221 5337 283 5396 ΗΜ·
1099 5365 1215 5422 semper
1232 5349 1305 5405 alias
1320 5345 1535 5418 impudentium
1551 5343 1672 5401 lascivia
1690 5343 1793 5414 major,
1809 5342 1836 5396 et
1850 5331 1911 5390 libe-

254 5411 410 5467 -Dr'aboli
431 5415 466 5470 ab
487 5417 544 5471 olto
567 5419 745 5488 precipitati.
767 5417 951 5474 Siolibrode
977 5419 1045 5474 Ant·
1099 5421 1271 5491 rioresjoei.
1287 5419 1341 5474 Sed
1359 5419 1428 5490 ipsas
1445 5418 1517 5474 alias
1532 5417 1649 5488 quidem
1667 5415 1696 5489 ip
1713 5413 1794 5472 cellis
1808 5414 1836 5466 et
1858 5404 1909 5460 lor·
2012 5427 2013 5490 3

218 5498 275 5565 mo,
292 5499 358 5554 pag.
373 5485 435 5540 319.
452 5491 590 5544 satanam
608 5491 800 5562 prospectarit
815 5491 850 5546 de
878 5489 949 5546 coelo
973 5507 1044 5562 prae-
1099 5493 1215 5548 uicibus
1230 5493 1371 5564 pudorem
1391 5497 1513 5556 exuunt,
1535 5489 1581 5545 hio
1603 5503 1670 5546 vere
1691 5489 1720 5544 in
1745 5475 1909 5560 propatuto:

218 5559 380 5638 clpttttudl·
397 5557 459 5613 Rte.
1098 5587 1113 5616 «
1129 5565 1336 5636 Expavescant,
1353 5561 1459 5633 inquit,
1476 5560 1512 5618 ad
1529 5561 1624 5618 lucem
1637 5558 1789 5633 populum,
1807 5558 1835 5610 et
1858 5543 1910 5606 etl·

255 5625 312 5699 (71)
326 5629 464 5688 Sinitltter
478 5629 683 5702 impmlielte'am
706 5647 812 5689 omnem
835 5631 949 5688 amoliri
974 5631 1044 5688 'alre
1097 5639 1155 5692 tem
1172 5635 1260 5692 semel
1276 5649 1353 5691 anno
1368 5633 1580 5691 erubescant·
1601 5631 1664 5688 ltro.
1867 5687 1872 5702 ,
2012 5655 2013 5674 ι

220 5709 293 5755 mur.
323 5698 356 5755 ln
382 5716 440 5774 qun
468 5698 551 5760 illurn
578 5702 680 5762 diserti
708 5703 862 5762 imitantur
891 5703 922 5759 Β.
958 5649 1043 5778 liupr.
1134 5706 1190 5782 (75)
1206 5703 1670 5782 Cumepiritaioppareoataurci.
1686 5700 1776 5760 steet
1802 5687 1907 5753 Tullius
1951 5762 1958 5780 ν
2012 5703 2013 5788 p
