4156 6194
173 1295 281 1353 Omnes
292 1293 402 1352 Latine
413 1287 864 1364 liuguaePatres,soriptereeque
876 1287 967 1344 eccle·
980 1289 1009 1357 A
1025 1303 1080 1344 usu
1094 1304 1127 1344 ae
1142 1303 1210 1346 vera
1224 1289 1395 1346 euotoritate
1410 1289 1526 1363 profari
1541 1305 1599 1346 nen
1615 1289 1769 1364 supererit.
1789 1290 1849 1348 Alii

143 1384 276 1442 aiaetiees
286 1381 523 1448 iterum,ioveute
538 1379 608 1446 Deo,
624 1377 760 1450 almaque
770 1376 889 1451 Virgine
900 1377 966 1434 Dei·
1021 1377 1099 1433 enim
1114 1377 1245 1451 aliaque
1260 1379 1297 1434 de
1312 1379 1414 1436 eedem
1429 1379 1602 1436 disserenda
1618 1383 1690 1437 sunt
1704 1395 1757 1453 pro
1772 1378 1849 1438 virili

143 1489 223 1547 pare,
238 1474 269 1528 in
281 1471 379 1528 lucem
395 1469 574 1526 emittendos
589 1466 775 1541 aggressuri3
802 1483 870 1524 cum
885 1470 967 1523 tanto
1021 1466 1053 1522 in
1067 1467 1154 1524 istius
1169 1467 1266 1540 operis
1280 1467 1406 1525 decursu
1422 1467 1531 1525 dicent.
1675 1547 1684 1554 .

140 1579 235 1620 causae
250 1558 553 1619 Christianatestium
565 1556 687 1630 agmini,
699 1557 766 1630 quis
777 1556 966 1630 potissimum
1056 1555 1176 1612 Praeihit
1194 1573 1299 1630 nempe
1326 1557 1480 1623 Parnasus,
1508 1557 1707 1631 Septimianee
1727 1557 1848 1618 annales

142 1651 257 1726 preiret
271 1648 494 1722 antesignanus,
509 1662 655 1720 perpensa
669 1651 847 1720 temporum,
856 1661 965 1718 rerum,
1021 1661 1073 1718 per
1086 1649 1213 1717 quatuor
1222 1649 1250 1702 ct
1259 1645 1360 1719 uiginti
1369 1646 1846 1718 lestusjoonsularescontexturus.

143 1753 265 1815 eperum
278 1740 400 1807 ratione,
415 1753 624 1809 quaereremus,
640 1736 784 1792 adluisset
802 1735 922 1808 quidem
936 1735 966 1790 iu
1058 1735 1189 1792 Subinde
1203 1752 1267 1808 que
1290 1735 1449 1808 cujuslibet
1462 1736 1530 1793 libri
1554 1737 1679 1807 eccesie,
1696 1740 1778 1810 estas,
1793 1753 1846 1799 eu·

143 1833 292 1904 promptu,
308 1826 443 1901 oprimis
463 1824 598 1882 Ecclesia
623 1823 820 1894 incunabulis,
835 1823 966 1881 melierie
1023 1823 1154 1893 ctoritas,
1171 1828 1242 1896 quot
1270 1824 1331 1880 sint
1359 1829 1388 1881 et
1416 1826 1603 1897 quandedam
1617 1826 1678 1882 sive
1693 1829 1771 1893 ante,
1784 1825 1845 1883 sive

142 1923 216 1975 nete
230 1917 276 1974 vir
290 1933 324 1973 ae
338 1912 495 1974 sanctioris
509 1912 618 1970 ominis
633 1929 740 1970 nomen
756 1931 764 1982 3
780 1913 967 1986 prestantior
1022 1918 1089 1987 pest
1100 1919 1271 1986 susceptum
1287 1915 1324 1971 ab
1339 1917 1457 1972 auctore
1472 1915 1704 1972 Montauismum
1718 1915 1847 1973 censeri·

141 2024 209 2065 vere
228 2007 357 2080 pendere
371 2003 481 2078 ingenii
496 2019 530 2060 ae
551 2003 750 2059 doctrinarum
770 2002 854 2076 eopia
869 2019 965 2074 neme,
1022 2003 1075 2076 pti,
1105 2003 1213 2060 diserte
1239 2003 1434 2076 disputabunt
1459 2003 1526 2060 ioh.
1555 2005 1629 2078 Aug.
1657 2005 1846 2062 Neaesnnret

142 2103 246 2170 preter
260 2097 338 2152 hune
353 2103 488 2151 nestrum
503 2093 641 2158 errares
654 2093 817 2150 Sserrurou
837 2092 967 2149 Fuoaau·
1022 2091 1055 2148 D.
1073 2091 1269 2148 Gethelredos
1284 2092 1415 2148 Luuesn.

140 2205 198 2244 reu
214 2187 453 2242 Tnnruuarssosr.
1057 2182 1132 2237 Tum
1146 2179 1319 2238 Tertulliani
1333 2181 1490 2250 Paradexa,
1503 2197 1570 2238 oum
1586 2197 1687 2240 eorum
1703 2180 1845 2254 antidoto,

178 2275 371 2332 tendandum
386 2272 505 2344 quidem
533 2271 697 2344 ingenium,
718 2272 887 2328 damnanda
900 2287 966 2330 vere
1020 2270 1126 2328 iterata
1139 2269 1273 2342 ejusdem
1289 2269 1411 2328 Pemelii
1426 2285 1514 2343 epora
1529 2271 1772 2328 recensebuetur.

141 2364 273 2434 heresis,
295 2379 329 2420 ao
349 2378 423 2419 sene
440 2362 568 2434 lugenda
580 2359 722 2434 longioris
742 2360 817 2418 tanti
832 2361 886 2417 viri
901 2361 966 2418 vitas
1057 2359 1119 2416 Una
1133 2359 1291 2416 suecedent
1314 2359 1344 2416 B.
1362 2359 1520 2417 Rsauauus
1545 2359 1635 2416 simul
1655 2363 1684 2416 et
1706 2364 1843 2417 asennaa

141 2471 211 2526 pars
225 2452 340 2518 ultima,
358 2451 526 2523 majorque,
539 2451 569 2506 in
585 2450 676 2506 loedes
691 2467 805 2508 errores
821 2450 965 2524 impensa.
1020 2449 1119 2506 Herus
1133 2448 1300 2522 Brugeesie,
1315 2448 1345 2504 ie
1361 2448 1616 2523 explicandisque
1631 2448 1843 2522 frequentiores

141 2547 175 2599 lt
186 2559 255 2599 cnm
269 2540 362 2598 altera
370 2557 438 2614 pare
447 2545 477 2596 et
489 2537 594 2596 melier
603 2539 634 2594 in
643 2539 710 2596 fidei
721 2540 882 2597 certamina
893 2545 966 2597 stre·
1022 2542 1145 2612 usurpet
1157 2537 1356 2596 Tertullianus
1380 2537 1579 2595 Proverbiaies
1594 2537 1747 2608 formulas,
1764 2539 1842 2596 unde

142 2648 198 2690 noe
216 2632 304 2688 luerit
318 2627 519 2703 erogata‚lruie
529 2626 631 2702 igitur,
648 2629 768 2686 attentis
778 2629 882 2686 saltem
895 2634 966 2686 tem·
1020 2628 1071 2685 lux
1085 2645 1142 2684 nen
1152 2625 1282 2694 ,minima
1295 2628 1325 2683 ie
1341 2631 1401 2684 tete
1412 2643 1499 2700 opere
1514 2627 1703 2684 suffunditur.

141 2739 247 2795 perum
262 2720 375 2778 ratione
389 2736 423 2776 ae
438 2719 531 2775 aetatie
540 2719 732 2790 jure,primue
747 2719 854 2777 habere
868 2725 966 2792 partes
1055 2717 1165 2774 Deinde
1179 2734 1247 2774 rara
1269 2717 1429 2774 admodum
1457 2733 1490 2774 ae
1518 2717 1685 2791 pererudita
1706 2716 1738 2774 in
1752 2715 1844 2777 libres

142 2810 339 2882 indulgeatur.
355 2809 438 2864 Hune
449 2807 553 2864 merite
567 2823 656 2864 suum
666 2807 860 2865 Occidentalis
868 2809 966 2866 Euole-
1020 2806 1220 2881 Apologetices
1232 2806 1437 2864 dissertatione
1450 2806 1484 2863 D.
1495 2807 1592 2864 Nicer..
1611 2807 1646 2862 Lu
1660 2807 1783 2864 Neonar
1792 2825 1843 2865 er·

143 2899 188 2956 aia
201 2899 257 2956 sibi
270 2897 398 2954 vindicet
409 2896 538 2968 primum
554 2902 740 2955 macriorem.
756 2897 885 2969 Hujueee
896 2914 966 2970 pre·
1019 2898 1078 2952 dua
1092 2911 1215 2968 quaeque
1230 2895 1417 2968 Septimianae
1439 2897 1579 2953 doetrinae
1595 2901 1861 2970 momentaquam·

142 2988 210 3044 inde
226 2986 325 3060 magni
340 2985 470 3042 neminie
485 2985 589 3041 umbra
607 3001 642 3041 ec
656 2986 818 3056 patrocinio
834 2987 964 3055 dolenen,
1020 2983 1141 3042 uberius
1151 2988 1179 3040 st
1193 2983 1308 3058 plonius
1322 2990 1456 3058 exponet.

141 3076 288 3134 exoriatur
301 3081 330 3132 et
344 3077 456 3132 creseat
470 3089 543 3130 nera
559 3073 619 3130 hec
634 3073 888 3147 omniom,quibue
899 3075 966 3132 ado·
1056 3073 1175 3130 interim
1200 3073 1386 3130 subnectitur
1412 3073 1507 3130 brevis
1530 3076 1559 3130 et
1587 3072 1737 3132 luculenta
1751 3076 1842 3133 Lanu⁸

141 3166 212 3223 lesit
227 3165 377 3222 catholiea
397 3161 538 3231 Traditio,
554 3163 789 3220 testimoniorum
813 3163 905 3220 series
920 3164 966 3220 in·
1020 3165 1167 3222 Moeusurr
1182 3163 1218 3220 de
1233 3167 1317 3219 oleta
1331 3161 1520 3237 apologetici,
1546 3163 1689 3237 initioque
1703 3179 1842 3239 perseeu-

139 3259 233 3328 tegra,
242 3270 277 3310 ex
291 3252 430 3308 omuibus
440 3251 568 3324 magnis,
584 3251 752 3309 minimisse
762 3253 966 3310 concinnanda
1019 3253 1109 3311 tiemo
1121 3252 1281 3310 Severiana
1295 3252 1474 3325 disquisitio.

141 3342 273 3414 scriptis,
302 3359 364 3413 que
390 3340 427 3397 ab
455 3339 661 3412 Apostolorum
685 3345 769 3398 etate
792 3343 829 3398 ad
846 3341 966 3399 ultimos
1054 3343 1171 3399 interea
1184 3342 1313 3400 decurrit
1333 3343 1541 3416 integerrimus
1553 3343 1728 3402 Tertulliani
1745 3347 1844 3403 textus

140 3436 241 3487 Patres
256 3431 286 3486 in
301 3431 372 3486 erbe
385 3428 562 3499 Gerietiaue,
578 3429 647 3486 fidei
661 3431 775 3486 tuende
791 3447 965 3504 causa‚pre-
1019 3431 1245 3506 precedentium
1279 3431 1441 3490 editionum
1478 3433 1627 3501 Rhenanus,
1660 3434 1844 3508 Pemeiienae,

141 3519 222 3575 diere
234 3525 264 3574 et
278 3523 457 3591 supersunt:
482 3523 589 3574 ennete
605 3520 668 3589 jem
683 3519 772 3588 edita,
784 3519 891 3576 iterum
903 3521 965 3578 edi·
1018 3521 1204 3588 srancaana,
1219 3523 1395 3594 iiiputtionrc,
1411 3525 1625 3596 parisiensium,
1644 3525 1756 3595 Veneto,
1772 3526 1845 3582 Hot-

141 3615 229 3674 tura;
244 3607 449 3664 deficientibus
463 3607 499 3662 de
514 3605 560 3664 dia
578 3608 607 3662 in
622 3608 701 3663 diem
716 3614 768 3664 eut
783 3625 848 3666 rere
863 3625 964 3666 eeeur-
1022 3611 1118 3678 tomis,
1129 3612 1358 3684 Wirccburpcuaie
1372 3611 1461 3668 variis
1474 3613 1649 3670 lectionibus
1665 3613 1842 3686 illustratus,

143 3698 277 3752 rentibus
295 3699 425 3752 veterum
450 3695 534 3751 libris
557 3695 749 3765 sufficienda,
766 3697 816 3754 dio
832 3715 849 3754 a
865 3699 965 3755 multis
1020 3700 1180 3757 multorum
1198 3706 1338 3774 preterea
1348 3717 1453 3775 nempe
1467 3701 1560 3774 Jourr,
1575 3704 1695 3774 carran,
1706 3707 1845 3762 Wouws·

144 3787 229 3842 enixe
243 3784 424 3855 desiderata3
451 3784 628 3855 jamdudum
655 3785 799 3853 nuntiata,
816 3804 891 3856 saro,
908 3805 965 3861 que
1020 3807 1071 3861 ιιιι,
1086 3791 1231 3858 Seruaeo,
1248 3791 1406 3863 Graeceius,
1416 3791 1579 3865 Sasernam,
1591 3793 1729 3862 Sarranus,
1740 3794 1842 3850 Rrura·

70 3859 74 3872 ’
144 3873 306 3947 previdius,
334 3872 490 3929 inchoata:
520 3873 733 3948 arduaquippe
757 3891 803 3932 res
831 3879 860 3932 et
878 3879 965 3934 tantae
1019 3895 1071 3944 arr,
1087 3882 1230 3936 taesoeru
1244 3880 1473 3938 correctionibus
1489 3882 1662 3955 castigatus,
1677 3900 1731 3940 nee
1746 3887 1845 3941 nonet

144 3962 248 4019 melis:
272 3961 422 4018 indeieseo
443 3961 561 4019 tandem
578 3962 741 4034 molimine,
765 3969 966 4040 perpetuaque
1020 3968 1180 4024 adornatus
1191 3969 1845 4046 amplissimisfleanss1,1>rucnr,1>mcraonr,

141 4067 240 4126 opere,
255 4051 334 4108 adsit
349 4051 436 4107 mede
449 4051 544 4107 bonos
554 4051 712 4124 dexterque
727 4057 813 4122 Deus,
831 4054 918 4111 linem
930 4039 1004 4112 edG
1025 4058 1172 4127 Lucanum,
1201 4058 1393 4128 dresserum,
1428 4063 1629 4127 annnoaurr,
1667 4061 1844 4134 Muaarenrr,

141 4157 237 4214 oeque
249 4140 385 4197 ultimum
401 4139 598 4212 perducenda.
1024 4149 1057 4204 1).
1072 4152 1242 4204 conaremur
1263 4147 1377 4204 Treoua:
1395 4153 1423 4206 ei
1451 4149 1600 4206 variorum
1615 4151 1846 4208 commentariis.

177 4229 266 4286 Nebis
281 4245 347 4286 varo
361 4228 434 4286 talia
449 4229 673 4301 auspicantibus
697 4230 764 4287 lelix
780 4231 968 4306 faustumque
1059 4235 1110 4292 llis
1123 4239 1167 4292 tet
1181 4241 1210 4292 et
1222 4235 1325 4293 talium
1335 4238 1465 4295 virerum
1477 4255 1547 4295 eura
1557 4239 1683 4311 peractis
1695 4239 1731 4295 ed
1741 4255 1848 4296 cumu-

139 4321 191 4388 sit,
205 4319 279 4375 illud
295 4317 399 4392 primis
423 4317 550 4374 inlisum
566 4319 698 4392 vestigiis
712 4320 850 4392 relegere,
863 4322 935 4380 illud
952 4341 968 4380 e
1022 4325 1094 4396 lure,
1110 4329 1144 4381 ut
1159 4325 1200 4382 ita
1214 4326 1322 4394 dicam,
1348 4328 1465 4384 secedet
1488 4328 1713 4401 copiosissimus
1731 4328 1848 4385 Tertul-

139 4406 320 4464 Tertulliano
336 4406 443 4463 misere
466 4406 551 4479 lapso
576 4407 716 4466 ediscere.
733 4408 847 4466 nullum
863 4427 968 4486 nempe
1022 4413 1108 4471 lianae
1124 4413 1280 4472 latinitatis
1306 4415 1404 4484 index,
1433 4417 1580 4492 precipua
1607 4418 1658 4476 Cu.
1681 4418 1846 4476 Gouorann.

138 4496 210 4552 fidei
225 4496 354 4553 maceda
369 4499 422 4553 aut
440 4496 588 4553 servande
613 4513 745 4570 unquam
761 4498 853 4556 luisse
867 4517 967 4558 neces·
1022 4504 1156 4562 Senorzrr
1171 4520 1260 4576 opere
1274 4505 1417 4578 digestus.

139 4585 253 4641 serium
268 4584 445 4642 feracissimi
474 4585 583 4658 ingenii
599 4585 778 4658 subsidium,
794 4604 847 4645 nee
867 4593 900 4648 ut
914 4591 967 4646 fir-
1057 4593 1209 4664 Undejam
1222 4609 1306 4650 nemo
1320 4595 1465 4651 neuvidet
1480 4611 1568 4668 quam
1580 4595 1777 4670 exiguanevis
1788 4597 1849 4656 edi·

139 4691 222 4730 mum
239 4677 298 4731 stet
310 4679 340 4730 et
353 4673 563 4731 inconcussum
579 4674 713 4732 Ecclesia
728 4677 965 4753 laudamentum,
1021 4682 1135 4738 teribus
1150 4681 1299 4755 provincia
1317 4687 1476 4751 remaneat,
1492 4688 1521 4741 et
1537 4700 1626 4756 quam
1642 4687 1682 4743 sit
1696 4685 1770 4743 nihil
1780 4704 1848 4760 pre·

137 4761 365 4820 suffulciendam
382 4779 447 4819 esse
462 4763 499 4819 ab
515 4761 819 4822 horninumimbecilli
836 4775 966 4826 manuel
1020 4771 1178 4842 pemedum
1204 4771 1239 4828 de
1267 4787 1321 4828 sue
1337 4789 1415 4846 penu
1430 4773 1610 4842 addendum,
1633 4775 1692 4832 nisi
1715 4775 1788 4834 lecte
1810 4777 1848 4836 iis

137 4853 249 4909 eaduoa
278 4851 353 4908 hane
380 4851 543 4908 columnam
567 4869 601 4909 uc
629 4855 834 4925 firmamentum
862 4860 965 4915 ecrite-
1020 4859 1297 4918 dicendaeiettum
1325 4877 1492 4936 quesupra
1513 4863 1846 4937 suscipiendadecrevi-

135 4943 172 4997 tis
187 4941 236 5013 (1).
249 4940 472 4996 Fundamentum
485 4942 559 4996 enim
574 4941 656 4998 eliud
666 4959 744 5001 neme
759 4950 963 5018 potestpocerc,
1019 4965 1098 5016 mus,
1113 4951 1148 5007 de
1164 4951 1337 5008 Tertulliani
1353 4968 1409 5008 usu
1433 4955 1462 5008 et
1483 4953 1667 5024 auctoritate,
1689 4972 1743 5014 nac
1757 4957 1846 5014 etiam

135 5040 240 5103 prtem
254 5029 285 5086 id
299 5029 370 5101 qued
382 5031 505 5101 perito-m
530 5037 577 5097 cut,
597 5031 668 5104 qued
696 5037 735 5089 cri
757 5033 900 5094 Caeteros
914 5037 963 5093 is·
1018 5038 1049 5094 in
1064 5038 1101 5094 iis
1128 5041 1249 5096 sibimet
1276 5041 1397 5098 omuino
1421 5041 1543 5111 relictis,
1561 5043 1668 5101 eximia
1696 5061 1804 5119 nempe
1817 5049 1848 5103 et

138 5135 190 5175 eoa
203 5121 254 5190 (2).
270 5120 396 5175 Tirenum
408 5118 621 5191 fundumentum
631 5122 963 5196 eristarnaeccupna-
1018 5126 1143 5184 breviori
1171 5133 1342 5187 occurrente
1366 5132 1402 5187 de
1423 5131 1525 5189 eodem
1544 5136 1718 5207 argumente
1733 5134 1846 5192 disser-

141 5208 234 5262 culam
247 5209 297 5264 teo
309 5224 317 5265 ε
330 5209 467 5276 conamur
481 5209 614 5266 Dominus
628 5213 678 5282 qui
690 5220 755 5268 suut
767 5215 867 5286 ejus,et
876 5215 963 5273 diece-
1017 5217 1225 5275 tetiuneulaii.
1237 5218 1528 5278 corbinianiThomm
1543 5225 1624 5290 ;tom
1637 5238 1771 5294 quanam
1782 5223 1845 5278 lue·

138 5293 382 5367 deletinlquitote
392 5297 781 5375 manisqur'ueminolnemee
791 5302 903 5360 demini
911 5305 961 5378 (3).
1018 5303 1120 5362 rintad
1130 5324 1225 5380 usquo
1234 5311 1367 5382 tempera
1379 5314 1481 5366 nostra
1492 5309 1629 5383 precipui
1639 5309 1669 5366 in
1681 5310 1845 5368 litterarum

175 5383 217 5439 lia
231 5388 276 5440 est
289 5385 400 5441 interea
415 5383 539 5457 hujusce
555 5386 604 5458 qui
617 5387 729 5458 primus
744 5391 961 5451 eoeurrittestis
978 5415 1001 5482 D
1017 5395 1086 5452 erbe
1101 5394 1131 5451 in
1148 5395 1365 5454 Tertullianum
1378 5397 1505 5472 impensi
1516 5399 1643 5468 labores,
1655 5400 1844 5473 quesitorem

132 5471 216 5531 veria
232 5488 267 5530 ac
281 5472 372 5530 dubia
385 5470 512 5542 indoles,
525 5479 558 5532 ut
574 5475 717 5534 nonnulla
730 5477 766 5535 de
781 5483 860 5537 reete
883 5480 964 5541 illiue
1019 5501 1036 5540 a
1050 5482 1170 5542 doctiss.
1195 5484 1342 5556 ceillerie,
1356 5487 1491 5560 lumper,
1503 5487 1626 5546 schram
1639 5494 1669 5547 et
1687 5488 1845 5548 Sehoenne·

172 5669 237 5814 Ϋζῐ
253 5667 332 5727 Tim.
348 5684 393 5739 ru,
410 5667 454 5724 15.
1056 5679 1094 5754 (3)
1110 5680 1137 5738 11
1151 5680 1228 5739 Tim.
1245 5699 1276 5750 rr,
1294 5681 1338 5739 19.

185 5741 204 5795 2
226 5741 319 5812 icor,
336 5757 380 5808 ιιι,
396 5740 441 5798 11.

298 5871 434 5957 Parnon.
459 5869 485 5932 l.

197 6001 473 6174 etio
