4050 6186
110 407 162 469 253

694 408 775 474 CUM
797 409 998 473 ANTIDOTO
1019 407 1196 474 PAMstll.

1743 409 1803 470 254

108 537 176 620 929.Ι
196 537 232 622 lle
251 536 614 622 Qaadraqesimisdnabns,
647 543 719 597 tom.
746 542 781 612 V,
806 541 857 598 lib.
885 541 1081 612 depilando.
1111 559 1175 616 cap.
1204 543 1231 612 9,
1259 558 1340 600 num.
1369 543 1415 613 70,
1441 545 1470 598 ιι
1493 557 1556 614 cap.
1583 541 1725 610 ll,num.
1755 539 1802 597 99.

137 613 241 680 Idm
254 609 355 665 “Vim
380 609 538 682 Pitsshwssis
555 611 585 668 5¹¹
600 628 702 668 091991
718 613 918 671 9919990999]
975 629 1068 686 Priori
1084 631 1204 703 quidem
1220 631 1293 700 loco,
1319 632 1354 688 de
1371 629 1524 703 repudiata
1547 646 1636 686 uxore
1650 629 1693 686 sic
1707 627 1804 700 loqui·

139 681 304 752 conscripto,
321 682 447 738 maxime
463 699 525 755 cap.
544 684 587 752 15,
603 701 633 740 ιι.
650 685 697 740 90.

138 805 204 860 Cum
234 803 417 862 llontanista
450 811 508 864 tres
546 808 734 865 observarent
762 808 921 881 quotannis

108 892 198 966 plenas
226 899 338 966 septem
363 895 595 968 septimanarum
616 899 874 970 Quadragesimas,
890 897 920 953 in

107 981 152 1037 boc
165 981 201 1038 ab
216 981 275 1038 illia
299 984 478 1042 dissenssivo
491 987 607 1044 videtur
630 987 838 1058 Tertullianus,
854 1004 922 1044 cum

105 1077 226 1144 separata
244 1073 281 1129 ab
302 1071 361 1129 illis
375 1075 462 1147 coepit
485 1074 592 1132 babere
613 1075 827 1144 conventicula,
843 1076 921 1150 quod

104 1161 170 1217 dnas
183 1161 337 1232 duntaxat,
352 1162 396 1219 sic
409 1163 487 1220 enim
502 1163 551 1222 ills
567 1180 574 1221 ι
592 1187 606 1216 «
622 1164 769 1234 Quantula
783 1170 828 1222 est
843 1165 921 1238 apud

104 1266 150 1306 nos
162 1251 330 1308 interdictio
345 1252 504 1309 ciborum?
531 1253 606 1310 duas
621 1253 650 1310 in
666 1271 743 1311 anno
760 1254 920 1311 bebdoma-

103 1339 147 1395 das
173 1338 434 1413 Xerophagiarum‚
463 1357 518 1398 nso
539 1346 629 1415 totas,
654 1342 782 1415 exceptis
810 1342 922 1399 scilicet

102 1427 226 1484 sabbatis
254 1432 285 1485 ct
320 1429 493 1498 Dominicis,
518 1431 670 1489 oderimus
697 1435 763 1489 Deo.
785 1455 800 1484 a
823 1431 921 1504 Neque

103 1521 190 1574 temm
206 1523 361 1590 propterea
375 1519 418 1575 illi
442 1519 569 1577 haeretici
591 1520 725 1578 cassandi
749 1523 829 1578 sunt.
845 1525 919 1578 Nam

101 1605 290 1676 Amalaribus,
307 1605 380 1665 lib.r
397 1608 433 1664 de
449 1608 559 1666 Divinis
575 1609 667 1679 offic,
682 1625 744 1683 cap.
762 1611 809 1676 36,
824 1614 853 1666 ιι
868 1609 918 1666 115.

100 1712 134 1760 rs,
147 1711 207 1769 cap.
221 1696 268 1765 37,
284 1696 426 1754 describit
449 1698 564 1770 piorum
587 1699 781 1772 quorumdam
793 1697 919 1772 J'eJunia,

101 1784 145 1856 qni
157 1790 226 1842 tres.
251 1783 500 1861 Quadragssimss
514 1789 704 1846 observarent
722 1805 729 1844 ι
744 1804 835 1844 unam
850 1792 919 1844 ante

101 1873 211 1941 Pascha,
223 1875 313 1946 juxta
326 1875 515 1934 traditionem
530 1876 730 1950 apostolicam,
747 1876 869 1935 alteram
885 1893 920 1934 ea

101 1961 244 2020 devotione
261 1969 330 2021 ante
344 1967 372 2019 S.
388 1964 510 2022 loannis
533 1971 585 2022 ant
608 1965 707 2038 potius
734 1970 801 2040 post
815 1967 920 2024 Pante-

100 2055 200 2118 costen,
212 2053 331 2109 tertiam
346 2070 413 2110 varo
428 2057 495 2110 ente
510 2054 695 2111 Nativitatem
711 2054 843 2124 Domini;
867 2071 920 2111 nec

100 2139 267 2198 absimiliter
280 2143 708 2217 sccundstnadragesimam
719 2161 770 2217 pro
781 2143 921 2217 poiniten-

100 2227 169 2284 tibus
184 2236 319 2288 recenset
334 2231 509 2304 llicrologus
525 2237 624 2290 noster
638 2233 671 2289 ite
696 2233 802 2290 observ.
819 2233 918 2291 Erotes.

100 2319 370 2392 cap35,qnaeetiam
378 2321 463 2378 bodie
472 2321 649 2393 quibusdem
658 2321 811 2379 monacbis
823 2322 851 2377 in
863 2338 918 2378 usu

99 2411 147 2460 est.
169 2410 229 2475 Quo
257 2409 387 2481 pertinet
409 2414 439 2466 et
462 2409 535 2467 illud
562 2411 592 2467 S.
621 2409 737 2467 Hieron.
764 2410 855 2483 Epist.
883 2410 919 2466 ab

100 2494 237 2553 tmalario
256 2502 380 2554 citatum
397 2515 404 2553 ε
421 2497 539 2555 Utinam
551 2497 632 2555 omni
647 2503 705 2556 tem
712 2516 780 2572 poro
785 2499 920 2571 jejunare

100 2585 254 2654 possimus,
287 2589 366 2659 quod
392 2587 568 2644 inentibus
592 2587 793 2660 apostolorum
815 2588 919 2644 diebus

99 2674 289 2743 Pentecosten,
306 2681 336 2732 et
350 2676 427 2732 200
446 2676 495 2733 die
521 2677 670 2734 Dominico
697 2676 818 2733 Paulum
844 2677 919 2748 rlpo-

99 2761 209 2832 stolum,
224 2767 258 2819 et
271 2781 340 2820 cum
356 2781 389 2821 co
404 2765 556 2822 eradentes
571 2766 672 2823 l'eoisse
685 2764 832 2838 legimus,
849 2767 918 2822 item

95 2850 199 2922 jejunia
224 2850 280 2909 illa
303 2851 490 2912 strictissima
510 2853 673 2928 priscorum
696 2853 918 2924 monachorum,

98 2943 151 2996 tam
166 2941 203 2996 ab
216 2939 271 2998 illo
287 2959 375 3016 qnam
392 2943 607 3001 aTbecdoreto
625 2950 653 3000 at
675 2943 837 3014 Nicephoro
860 2941 918 3000 lats

98 3028 246 3103 descripta.
268 3030 377 3088 Verum
407 3030 460 3088 boc
481 3047 532 3104 pro
550 3030 653 3090 haeresi
677 3033 707 3088 in
731 3032 918 3089 Montanlstia

97 3117 265 3176 damnatum
287 3125 342 3188 est,
360 3121 437 3194 quod
454 3121 657 3178 necessitatem
673 3119 847 3177 observandi
863 3121 916 3177 ιιιι

98 3207 349 3280 Ouedragssimas,
364 3225 414 3266 seo
430 3213 488 3265 tres
504 3225 556 3265 seu
571 3209 762 3280 ducamque
777 3209 847 3265 adoo
863 3226 915 3264 ur·

98 3301 201 3366 gerent,
216 3301 253 3353 ιι
267 3296 313 3353 ιιι
340 3313 374 3353 eo
398 3299 516 3354 nemina
536 3297 694 3354 catholicos
708 3299 916 3370 Psyctss'cornm,
932 3279 954 3346 C

99 3384 124 3439 id
139 3391 190 3457 cst,
207 3387 299 3442 sicuti
311 3387 375 3457 Jam
391 3387 502 3442 dictum
519 3391 573 3454 eat,
589 3387 757 3443 animalium
767 3387 920 3444 bominum

100 3472 291 3546 appellatione
306 3474 570 3544 calumniarentur,
586 3477 664 3549 quod
680 3491 781 3534 secum
804 3491 853 3533 aaa
868 3477 919 3533 ob-

100 3579 207 3620 servare
223 3563 348 3621 nollent.
371 3569 468 3638 Atque
483 3565 537 3622 boo
558 3566 700 3637 estquod
723 3565 808 3638 epist
824 3566 860 3621 51
885 3565 921 3622 aa

100 3651 210 3711 Tarcetl.
227 3655 296 3712 adv.
320 3658 491 3711 Montanum
518 3661 602 3728 urget
615 3658 644 3711 S.
671 3655 786 3712 llieron.
804 3671 812 3712 ι
832 3659 918 3713 «an

94 3741 203 3814 linquit)
220 3757 314 3800 unam
329 3743 592 3818 Ouedragesimam
607 3743 771 3800 secundum
786 3743 920 3802 traditio·

95 3845 152 3886 nam
166 3830 382 3906 apostolorum,
404 3838 537 3904 tempore
561 3832 646 3889 nobis
660 3847 790 3906 congruo
801 3833 920 3905 Jejuno-

96 3933 163 3990 mus,
178 3920 221 3976 illi
236 3925 294 3977 tres
317 3923 348 3978 in
362 3937 436 3977 anno
456 3913 565 3995 [amant
579 3921 817 3991 Qandcoqesimas,
834 3921 919 3994 quasi

95 4009 145 4064 tres
159 4010 240 4082 passi
266 4013 328 4066 sint
350 4009 526 4078 salvatores,
542 4027 599 4066 non
620 4010 696 4082 quod
713 4013 742 4066 at
758 4026 809 4082 par
823 4015 918 4066 totum

96 4110 206 4166 annum,
232 4103 357 4171 excepta
377 4099 557 4166 Pentecoste,
579 4099 717 4170 jejunare
740 4115 797 4154 non
822 4097 918 4170 liceat,

95 4185 137 4240 sed
163 4189 241 4259 quod
268 4187 349 4243 aliud
374 4187 413 4244 sit
445 4187 632 4256 necessitate,
665 4185 745 4244 alind
770 4186 919 4244 voluntate

96 4287 194 4332 monus
209 4275 325 4333 offerre.
344 4298 359 4327 ι
374 4275 446 4333 Hinc
461 4281 490 4334 et
504 4275 649 4333 ttosebius
664 4276 758 4348 (juxta
780 4277 918 4334 emenda·

96 4364 189 4420 tiorem
203 4380 240 4421 ex
257 4365 356 4422 Graeco
379 4364 615 4432 translationem,
640 4371 727 4422 antea
751 4371 918 4438 corruptam

96 4453 310 4523 aquibusdem,
318 4454 362 4508 nti
372 4455 403 4509 in
415 4454 584 4512 universum
594 4453 709 4526 jejunia
720 4453 920 4512 ecclesiastica

95 4541 227 4612 tauquam
244 4541 410 4598 tlontenica
430 4543 619 4615 damnarent)
634 4543 685 4600 lib.
702 4560 729 4600 v.
741 4545 812 4600 Eccl.
830 4545 917 4601 llist..

96 4643 151 4700 cap.
169 4631 221 4700 173
236 4630 383 4687 Theodor.
409 4632 508 4689 neres.
532 4632 629 4688 Tabai.
654 4630 706 4689 lib.
727 4648 770 4699 ιιι,
786 4637 822 4689 de
837 4631 918 4688 Mon·
933 4644 957 4710 Β

97 4717 222 4788 ιιιίιιίις
238 4723 270 4776 ιι
288 4717 472 4793 Nicephorus
495 4720 548 4777 lib.
571 4735 599 4777 rv
621 4719 692 4777 llist.
717 4721 803 4791 Ecet,
822 4735 848 4777 c.
871 4721 919 4790 22,

97 4803 260 4865 llontennm
278 4825 368 4865 novas
378 4809 560 4881 jejuniorum
571 4809 650 4881 leges
666 4814 770 4882 prater
783 4808 918 4867 Ecclesiae

98 4898 334 4955 conanetudinem
360 4897 558 4956 introduxisse
581 4903 611 4956 et
625 4897 759 4957 sanxisse
774 4897 917 4956 scribunt.

98 5067 215 5135 53019
241 5068 357 5142 repudio
379 5069 546 5127 Christianis
568 5068 656 5142 tacito,
683 5071 723 5126 ita
747 5073 779 5126 at
796 5070 917 5126 alterans

127 5140 388 5282 gluffff’fsgtdfm
401 5157 496 5212 casua,
519 5145 592 5199 tom.
613 5141 650 5212 ll,
665 5141 717 5198 lib.
731 5157 752 5198 ιι
767 5141 803 5198 od
820 5141 916 5210 vain,

128 5385 249 5442 Videtur
261 5385 382 5462 quidem
397 5385 493 5460 prima
508 5387 580 5446 iacis
595 5387 652 5446 tale
667 5387 737 5460 quid
760 5385 917 5445 Tertullia-

974 723 1024 773 tnr
1040 735 1046 773 z
1064 741 1078 770 o
1097 717 1176 775 Utin
1193 725 1287 777 tolum
1310 721 1370 776 aiva
1396 737 1448 793 per
1472 719 1601 792 nuptias,
1619 719 1680 775 sive
1704 717 1802 790 vulgo,

975 806 1096 865 alterius
1118 809 1172 864 viri
1197 809 1349 878 admissio,
1366 809 1543 866 adulterium
1564 805 1804 880 pronuntiatura

975 896 1054 966 Dea,
1071 921 1085 946 n
1099 903 1127 953 ct
1143 915 1209 955 mox
1223 897 1331 954 clarius
1348 915 1354 953 :
1371 920 1385 948 a
1403 899 1455 954 Per
1471 902 1594 954 mortem
1611 897 1723 967 utiquo,
1743 911 1802 951 non

976 1001 1027 1058 per
1042 986 1197 1059 repudium
1214 987 1290 1044 lacta
1304 985 1460 1053 solutione,
1471 987 1540 1059 quia
1555 984 1730 1059 repudilstis
1745 1000 1803 1039 non

975 1075 1155 1147 permitteret
1170 1077 1328 1148 Apostolus
1354 1076 1463 1133 nubere
1487 1078 1626 1132 adversus
1642 1073 1803 1146 pristinum

975 1169 1164 1237 preceptum.
1181 1163 1332 1222 »Valeant
1355 1163 1454 1238 itaque
1476 1164 1617 1220 Tlraemus
1632 1167 1661 1218 et
1676 1163 1741 1234 ejus
1756 1179 1804 1218 as-

975 1252 1058 1309 secla
1074 1253 1123 1324 qui
1141 1271 1192 1326 pro
1208 1269 1239 1312 sa
1254 1256 1402 1311 auctorem
1418 1269 1567 1327 perperam
1593 1252 1695 1309 citant.
1720 1251 1803 1308 Certe

975 1343 1156 1398 contrarium
1182 1344 1246 1414 jam
1276 1343 1430 1400 delinitum
1461 1348 1507 1400 est
1532 1341 1647 1399 concilii
1671 1341 1801 1398 Trident.

975 1445 1050 1486 sesa.
1067 1431 1112 1500 3l,
1130 1449 1193 1489 can.
1209 1433 1237 1488 9.

973 1549 1047 1617 531.
1078 1549 1159 1606 Circa
1183 1550 1355 1621 Trinitatem,
1383 1552 1455 1604 torn.
1477 1550 1498 1619 l,
1528 1547 1649 1620 Apatna,
1671 1562 1734 1617 cap.
1756 1543 1802 1612 2l,

1011 1638 1040 1675 n.
1056 1620 1128 1688 3163
1146 1621 1241 1676 ι1111ι.
1258 1621 1363 1678 advers.
1389 1622 1513 1692 llermop.
1537 1637 1603 1689 cap.
1623 1619 1652 1686 3,
1667 1635 1697 1674 u.
1714 1619 1764 1685 153
1781 1617 1801 1672 l.

1010 1692 1116 1748 aduno.
1133 1695 1223 1748 Pras.
1239 1709 1303 1765 cap.
1327 1694 1354 1759 3,
1371 1709 1399 1746 ιι.
1418 1693 1464 1756 29,
1480 1693 1515 1746 31
1532 1710 1539 1755 ;
1555 1707 1618 1762 cap.
1637 1691 1664 1755 1,
1696 1706 1726 1745 ιι.
1741 1687 1776 1743 39
1794 1705 1801 1755 ;

1009 1779 1072 1836 cap.
1088 1765 1115 1828 8,
1140 1780 1169 1819 n.
1192 1765 1237 1828 55,
1258 1767 1294 1819 59
1318 1768 1348 1819 et
1368 1765 1422 1832 603
1446 1779 1509 1835 cap.
1534 1764 1561 1817 9.
1585 1779 1615 1817 n.
1639 1763 1675 1816 62
1699 1775 1732 1816 ac
1754 1759 1802 1828 63,

1008 1837 1085 1901 ltem,
1100 1840 1172 1890 tom.
1202 1835 1236 1904 V,
1258 1837 1404 1894 Noontian.
1431 1835 1482 1890 lib.
1498 1834 1532 1890 de
1553 1833 1650 1889 Trinit.
1675 1847 1739 1904 cap.
1758 1831 1800 1899 ll,

934 1911 959 1978 Β
1010 1923 1040 1962 ιι.
1053 1907 1100 1975 56,
1115 1923 1140 1962 c.
1155 1905 1201 1976 22,
1218 1923 1246 1964 n.
1266 1909 1312 1977 93,
1329 1923 1393 1980 cap.
1417 1907 1463 1976 21,
1480 1923 1509 1962 ι.
1534 1905 1596 1972 106,
1612 1908 1641 1961 ιι
1659 1919 1723 1974 cap.
1754 1901 1801 1972 31,

1010 1996 1039 2035 ιι.
1057 1979 1099 2034 ll.

1009 2095 1050 2152 De
1077 2096 1218 2151 Trinitatis
1243 2093 1306 2166 fids,
1336 2093 1364 2149 id
1393 2097 1448 2162 est,
1476 2092 1566 2148 trium
1595 2091 1800 2157 Personarum,

974 2185 1079 2250 Patris,
1094 2193 1121 2240 et
1135 2185 1212 2251 Titii,
1227 2191 1253 2242 ct
1266 2183 1387 2250 Spiritus
1399 2184 1502 2248 sancti,
1525 2179 1577 2238 sed
1598 2179 1687 2236 unius
1701 2195 1802 2236 essen·

973 2273 1031 2339 tic,
1045 2289 1102 2329 non
1118 2273 1270 2329 dubitasse
1290 2271 1516 2338 Tertullianum,
1540 2286 1575 2326 ex
1600 2267 1803 2340 compluribus

974 2363 1039 2434 ejus
1053 2360 1126 2418 locis
1142 2362 1327 2418 manifestius
1342 2366 1387 2418 est
1411 2377 1500 2433 quam
1526 2363 1559 2415 ut
1577 2358 1748 2430 probatione
1764 2355 1803 2412 sit

974 2467 1049 2523 opus
1078 2451 1206 2507 maxima
1228 2455 1288 2508 toto
1312 2450 1387 2506 libro
1410 2450 1475 2521 ejus
1493 2445 1672 2521 argumenti,
1697 2445 1756 2501 imo
1771 2449 1801 2501 et

975 2539 1053 2597 tituli
1069 2541 1155 2612 juxta
1174 2540 1332 2598 editionem
1358 2543 1488 2596 nostram
1512 2537 1642 2594 canaam
1656 2536 1800 2602 Praxean,

975 2630 1024 2686 ubi
1040 2630 1183 2686 advorsus
1197 2629 1279 2685 illam
1290 2628 1413 2701 ejusque
1428 2631 1587 2684 sectatores
1597 2624 1801 2691 Montanistaa

974 2719 1025 2792 qui
1039 2721 1188 2776 secandam
1199 2718 1356 2774 AEsclrinem
1367 2716 1551 2781 dicebantur,
1562 2731 1621 2771 non
1633 2713 1719 2770 modo
1735 2729 1802 2785 pro·

973 2811 1025 2866 bat
1038 2810 1163 2867 eamdem
1178 2810 1253 2866 202
1274 2825 1328 2866 non
1349 2824 1425 2880 posse
1446 2808 1504 2864 dici
1516 2809 1629 2863 Patrem
1645 2810 1674 2863 et
1687 2804 1801 2875 Titiam,

973 2899 1025 2955 sed
1040 2900 1128 2955 otiam
1143 2897 1261 2954 disertis
1275 2897 1372 2953 verbis
1386 2895 1502 2966 asssrlt,
1519 2897 1645 2964 renatam
1658 2893 1726 2966 filici
1740 2908 1803 2966 quac

972 2987 1010 3042 nb
1025 2987 1105 3044 initio
1124 2984 1271 3057 Evanqclii
1293 2985 1448 3042 decucurrit
1469 2986 1604 3040 unitatem
1628 2985 1660 3038 in
1682 2983 1803 3038 Trinita-

972 3084 1026 3134 tem
1047 3077 1218 3148 disponere:
1243 3079 1365 3141 Pntrsm,
1389 3075 1502 3140 Titium,
1526 3077 1553 3130 et
1574 3073 1710 3145 Spiritum
1732 3087 1801 3126 son·

970 3173 1055 3223 ctum.
1077 3165 1135 3222 Neo
1160 3163 1246 3220 aliter
1269 3162 1458 3230 Novatianus,
1486 3163 1562 3218 libro
1590 3163 1624 3218 dc
1652 3162 1801 3216 Trinitate·

973 3253 1103 3326 requiam
1116 3254 1181 3320 filiai
1194 3252 1341 3324 proponit.
1357 3268 1383 3308 c.
1400 3253 1427 3320 l,
1437 3252 1465 3319 3,
1476 3267 1509 3307 ιι
1523 3250 1568 3318 29,
1585 3266 1645 3322 qua
1657 3248 1801 3306 credamus

975 3345 1006 3400 in
1022 3345 1106 3400 Deam
1120 3346 1232 3400 Patrem
1251 3348 1279 3398 ct
1303 3343 1449 3398 Dominam
1473 3342 1692 3406 osnnicctentem,
1708 3354 1800 3394 reram

975 3435 1100 3490 oninium
1118 3431 1349 3504 puseolissimnm
1374 3433 1537 3496 creatorem,
1551 3438 1577 3486 ct
1591 3431 1621 3486 in
1632 3427 1738 3484 Filiam
1751 3427 1800 3482 Dei

973 3523 1067 3579 tesam
1082 3520 1222 3578 Christum
1235 3522 1388 3578 Dominam
1407 3520 1493 3576 Deum
1516 3522 1694 3584 aestumat
1714 3518 1800 3573 etiam

975 3613 1005 3667 in
1019 3612 1158 3682 Spiritum
1180 3619 1318 3666 sanctam.
1341 3612 1451 3665 Verum
1475 3608 1547 3664 dum
1571 3605 1632 3662 illia
1656 3605 1803 3662 Paradoxe

973 3701 1048 3756 circa
1062 3700 1225 3756 Trinitatem
1240 3697 1427 3767 ascribimus,
1451 3696 1506 3752 boc
1531 3695 1627 3752 solum
1654 3693 1803 3750 volumus»

973 3789 1100 3846 subinde
1127 3787 1219 3861 ipsos,
1235 3791 1337 3860 ntpoto
1362 3790 1429 3844 ante
1457 3801 1575 3842 omnem
1599 3785 1635 3841 de
1662 3781 1803 3840 Triniteta

973 3875 1119 3944 baeresim,
1134 3874 1260 3932 obscure
1274 3873 1353 3946 loqui
1368 3873 1398 3928 in
1422 3873 1477 3930 hoo
1502 3872 1623 3930 materia
1640 3896 1647 3940 ;
1675 3875 1704 3928 et
1720 3875 1752 3927 ut
1766 3886 1803 3928 ιιι

974 3964 1040 4037 quis
1056 3964 1124 4020 inda
1140 3963 1272 4020 tartessia
1287 3962 1468 4020 occasionem
1488 3961 1535 4018 aui
1554 3961 1662 4018 erroris
1678 3966 1729 4016 aut
1744 3959 1801 4016 bs-

973 4069 1072 4110 rsaeos
1087 4051 1221 4124 accipiat,
1237 4051 1385 4124 quomodo
1401 4067 1472 4106 sano
1494 4049 1642 4106 intellectu
1657 4048 1730 4106 tales
1744 4048 1800 4105 loci

973 4139 1112 4214 explicari
1128 4139 1252 4214 possint,
1274 4138 1442 4211 adjicimus,
1466 4138 1635 4194 omittentes
1654 4137 1717 4209 jam
1743 4136 1799 4210 pri-

974 4246 1055 4288 mum
1070 4227 1201 4286 llbenani
1212 4227 1378 4285 calumnias
1389 4227 1418 4284 ln
1430 4225 1621 4284 scholasticos
1636 4224 1798 4298 theologos,

973 4336 1049 4394 quas
1062 4318 1152 4376 habet
1166 4317 1217 4374 illa
1245 4333 1298 4374 sua
1319 4317 1355 4374 ad
1382 4315 1520 4374 lectorem
1549 4313 1749 4374 admonitione
1763 4313 1800 4369 do

974 4408 1150 4482 quibusdam
1173 4405 1346 4462 Tertulliani
1369 4406 1516 4478 dogmatis
1540 4420 1547 4459 :
1575 4405 1701 4460 maxime
1722 4401 1800 4475 quod

973 4496 1153 4555 calumniam
1168 4496 1256 4554 iaciat
1271 4495 1326 4568 ipsi
1352 4512 1468 4568 quoque
1492 4493 1674 4563 Tertulliani,
1689 4495 1753 4550 tum
1769 4492 1800 4548 in

973 4586 1046 4646 locis
1060 4587 1239 4660 quibusdam
1255 4585 1400 4658 corruptis
1416 4589 1466 4641 aut
1489 4585 1565 4642 male
1579 4582 1749 4651 intellectis,
1764 4582 1801 4639 de

973 4676 1081 4748 quibus
1103 4692 1171 4733 mox
1193 4674 1294 4742 latius,
1322 4679 1386 4730 turn
1401 4675 1431 4730 in
1456 4674 1533 4747 qnod
1556 4673 1629 4730 lalso
1651 4671 1695 4729 illi
1710 4671 1801 4728 baere·

972 4764 1029 4823 sim
1058 4765 1205 4822 adscribat
1231 4765 1399 4838 putantium
1424 4764 1454 4820 iu
1481 4762 1665 4820 Eucharistia
1692 4777 1800 4833 corpus

972 4854 1081 4912 Christi
1096 4857 1212 4911 tantum
1236 4869 1301 4910 esse
1324 4853 1354 4908 in
1377 4853 1481 4926 ligura,
1497 4869 1515 4910 a
1530 4869 1588 4925 qua
1603 4851 1687 4908 illum
1702 4848 1796 4906 vindi-

972 4943 1194 5000 camussdnot.
1213 4941 1322 4999 nostris
1339 4940 1368 4997 ln
1396 4941 1448 4997 lib.
1477 4957 1506 4998 ιν
1533 4941 1594 4998 adu.
1621 4941 1716 5012 Marc,
1731 4955 1796 5012 cap.

971 5032 1017 5104 ιο,
1032 5049 1062 5088 ιι.
1073 5033 1146 5102 552;
1162 5035 1226 5087 tum
1242 5030 1320 5103 quod
1337 5030 1413 5088 inter
1428 5031 1565 5105 dogmata
1577 5030 1639 5086 sive
1650 5029 1797 5104 paradoxa

971 5124 1071 5194 ponat,
1090 5137 1154 5194 qua
1169 5117 1219 5176 ille
1232 5118 1430 5192 pulcherrime
1451 5137 1510 5176 non
1524 5119 1620 5176 sulum
1646 5120 1681 5176 de
1703 5116 1797 5191 poeni-

971 5209 1063 5267 tentia
1077 5208 1206 5283 publica,
1224 5209 1275 5265 sed
1302 5209 1391 5266 etiam
1417 5210 1452 5266 da
1476 5209 1659 5266 consessione
1674 5213 1796 5275 secreta,

970 5299 1017 5357 val
1032 5299 1096 5374 ipso
1111 5300 1232 5368 latente,
1247 5297 1305 5356 lata
1326 5298 1447 5356 deducit
1466 5299 1496 5355 in
1521 5298 1596 5355 libro
1611 5297 1644 5353 dc
1657 5297 1798 5354 Passiten-

972 5391 1023 5456 tic,
1038 5389 1074 5446 de
1089 5405 1147 5462 quo
1161 5388 1251 5444 ctiam
1266 5387 1401 5444 dubitare
1418 5405 1475 5444 non
1490 5393 1536 5444 ιιι
1549 5386 1660 5445 veritus
1676 5403 1713 5443 an
1729 5387 1797 5442 Ter·

99 5485 149 5528 ιιι
176 5473 296 5545 sentiro,
326 5492 395 5534 cum
424 5477 572 5535 (livoniam
604 5479 757 5551 comparat
794 5478 920 5534 messui
971 5476 1087 5534 tulliani
1101 5481 1189 5550 esest,
1201 5492 1268 5534 cum
1284 5476 1575 5534 tamenS.Pacianns
1590 5493 1623 5534 ιι
1638 5475 1688 5532 illo
1705 5474 1798 5532 multa

98 5564 200 5634 mariti,
210 5565 251 5620 oti
266 5565 364 5640 megia
375 5567 480 5639 probet
490 5570 556 5640 post
566 5565 644 5624 bunc
659 5582 716 5624 non
732 5565 820 5624 licere
834 5565 918 5624 altari
972 5567 1170 5641 descripserit.
1186 5567 1247 5632 Quo
1263 5565 1357 5640 magis
1373 5567 1473 5638 miror,
1498 5583 1555 5624 non
1579 5565 1676 5623 solum
1700 5569 1794 5619 reten-

99 5651 214 5721 nubcre,
231 5653 316 5712 sicnti
339 5653 482 5713 nonlicet
499 5662 565 5730 post
578 5655 736 5714 divortium
751 5655 809 5714 nisi
832 5655 917 5714 adul·
970 5660 1032 5714 tam
1047 5655 1138 5714 tuisse
1152 5655 1183 5712 in
1198 5659 1346 5728 postrema
1371 5656 1441 5712 anni
1468 5658 1537 5714 1580
1559 5653 1686 5713 edlticne
1710 5650 1794 5706 Pari-

100 5739 158 5797 torii
172 5757 270 5800 censs.
293 5741 405 5802 Veram
426 5742 638 5820 sescuplicet
661 5747 734 5804 tom.
753 5743 788 5817 V,
803 5743 869 5816 lin,
883 5744 917 5804 de
971 5744 1061 5805 aiensi
1076 5745 1184 5804 dictam
1208 5743 1290 5803 illam
1313 5743 1543 5804 admonitionem
1561 5743 1719 5814 integram,
1743 5738 1796 5798 sad
