4152 6192
174 327 253 390 ¹3³3
791 329 907 392 uteutt
928 329 979 390 llll
999 325 1269 394 emulationis.
1803 316 1882 379 aaut

176 463 310 519 ctissime
322 461 436 520 lavaero
458 463 526 520 novi
547 463 655 522 natadis
687 463 858 534 ostenditis,
884 467 912 520 et
940 463 1001 536 pri·
1017 461 1215 538 gjiaiaatatt,
1231 460 1320 517 Petite
1333 465 1361 515 st
1383 458 1525 531 erupistis
1555 454 1660 530 (lietth.
1691 469 1743 522 vn,
1770 454 1810 524 7),
1834 452 1880 508 in·

175 552 399 608 masl⁸manus
423 553 501 626 apud
530 553 653 611 Matrem
678 570 746 611 oum
776 554 915 610 iratribus
935 569 1002 625 spe·
1056 552 1130 619 quit.
1147 548 1299 618 (iussistis
1313 548 1391 605 enim
1420 552 1449 604 et
1475 545 1651 614 invenistis;
1674 541 1827 617 pulsastis,
1851 545 1881 597 et

174 639 240 696 ritis
256 640 331 714 (82):
349 640 483 713 petitsde
502 641 597 711 Patre,
623 641 710 716 petite
735 641 769 698 de
789 641 923 711 Domino,
950 657 1002 714 pe·
1057 643 1190 713 apertum
1206 643 1252 696 est
1266 638 1359 695 vobis.
1386 638 1515 693 Tantum
1540 651 1602 701 oro,
1632 639 1664 689 ut
1688 649 1756 689 oum
1779 630 1879 706 petitis

173 727 262 797 oulis,
278 728 401 802 gratias,
431 729 657 788 distributiones
678 729 905 795 oharismatum,
930 729 1000 787 sub·
1056 729 1142 784 etiam
1156 725 1329 786 Tertulliani
1347 725 1507 800 peoeatoris
1530 721 1735 780 memineritis.

894 873 996 938 Varie
1011 872 1172 936 leotionae.

203 1003 227 1040 ¹⁸
247 1005 312 1064 Hoec
326 1020 380 1063 ooo
393 1004 511 1062 redueat.
527 1007 587 1063 sisu
595 1007 726 1077 tuition.
763 1005 973 1079 τ’Βιιιιιιιιιιιιιι
986 1005 1078 1062 Poris.

890 1147 1152 1212 Commentarius.

206 1281 262 1353 (82)
277 1284 387 1339 Primus
408 1297 509 1338 mersor
532 1283 662 1352 uendit.
698 1281 830 1340 Orabant
859 1281 998 1338 manibus
1088 1279 1222 1353 *Apud
1245 1279 1369 1335 lintrem.
1395 1278 1476 1350 Apud
1502 1277 1539 1336 llo
1556 1278 1672 1335 lesiem.
1698 1275 1745 1332 Sio
1771 1274 1823 1331 lib.
1848 1274 1881 1332 de

169 1354 318 1486 exggnsia.
336 1353 851 1482 ltaqueprimaegnanusdioitstum
869 1354 998 1482 pgirnum
1052 1353 1247 1480 {tmhwmm'u
1264 1349 1403 1409 attollere
1418 1349 1455 1406 ad
1470 1348 1530 1407 Den
1589 1350 1703 1406 Patrern
1733 1362 1879 1403 manus.»

169 1449 186 1487 a
244 1443 293 1483 ea
326 1441 697 1498 oraronemaparaserve
717 1441 863 1499 expansae
905 1440 943 1481 ro.
1078 1441 1116 1479 1.

264 1767 357 1968 Ο.
426 1767 703 1933 SEPT.
766 1763 1056 1932 FLOR.
1121 1761 1795 1928 TERTULLIANI

971 2065 1088 2128 hlauta

585 2276 704 2404 tttl
787 2269 1468 2406 Potuttttttt.

206 2717 245 2774 De
267 2715 434 2773 Poniterrtr'o
456 2715 562 2772 librum
589 2730 624 2772 ao
648 2721 774 2785 tempora
797 2713 945 2784 soripsisse
957 2709 1175 2780 Tertullianum,
1191 2727 1246 2783 quo
1265 2712 1395 2769 nondum
1411 2709 1540 2768 Montani
1555 2710 1687 2783 dogmate
1713 2715 1880 2784 motaretur,

172 2805 241 2863 libri
269 2807 362 2878 ipsius
389 2808 591 2876 argumentum
616 2803 735 2872 adoeet;
751 2802 781 2860 in
807 2817 840 2860 ao
864 2803 941 2859 enirn
965 2808 1030 2875 post
1056 2801 1228 2873 baptismum
1243 2801 1314 2871 lapsi
1336 2801 1373 2856 ad
1394 2800 1590 2872 penitentiam
1606 2799 1776 2872 exaltantur,
1791 2815 1879 2872 quam

175 2895 357 2954 Montanistas
381 2895 504 2952 dandam
528 2909 591 2952 esse
614 2892 778 2964 negabant:
795 2913 810 2945 a
826 2891 966 2948 Omnibus
989 2906 1067 2962 ergo,
1083 2890 1187 2962 aiebat,
1202 2888 1325 2957 delictis,
1342 2904 1392 2947 seu
1415 2905 1512 2957 earne,
1530 2905 1577 2946 seu
1599 2891 1709 2960 spiritu,
1726 2907 1777 2949 seu
1792 2893 1877 2965 laeto,

173 3001 223 3042 seu
238 2985 385 3043 voluntate
404 2984 576 3050 commissis,
593 2981 640 3053 qui
657 2996 770 3052 paenam
786 2980 989 3052 perjudicium
1009 2979 1170 3051 destinarit,
1187 2979 1261 3034 idern
1278 2986 1305 3036 et
1328 2980 1440 3037 reniam
1456 2994 1506 3051 per
1524 2978 1725 3049 *paenitentiam
1749 2997 1876 3053 spopon-

178 3074 216 3131 dit
234 3073 333 3132 disens
350 3090 356 3128 ε
376 3074 440 3130 l'r'oo
454 3089 514 3144 epo,
525 3073 592 3129 dicit
605 3072 747 3137 Dominus,
756 3072 949 3142 poenitentium
966 3069 1043 3126 muto
1059 3071 1147 3140 muqis
1160 3085 1246 3141 quam
1262 3076 1386 3125 mortem.
1404 3089 1418 3118 a
1437 3067 1535 3140 (inira,
1551 3083 1613 3140 oap.
1631 3067 1681 3138 h).
1706 3069 1740 3125 Et
1764 3071 1881 3141 eapite?

173 3163 277 3220 diserte
295 3179 382 3220 uuum
398 3178 431 3218 er
449 3161 599 3232 praecipuis
622 3145 858 3216 tto'ntsniatarurn
875 3158 1017 3214 erroribus
1041 3162 1202 3230 impugnat,¹
1217 3157 1439 3213 demonstrando
1455 3172 1513 3224 eos,
1534 3156 1583 3228 qui
1614 3163 1678 3227 post
1707 3155 1880 3226 baptismum

173 3259 290 3321 peecata
316 3249 581 3319 commiserunt,ab
610 3247 736 3304 Ecclesia
764 3247 971 3303 absolutionem
1005 3261 1103 3303 eorum
1131 3249 1282 3316 impetrare
1310 3246 1487 3317 possedant
1512 3260 1559 3302 eos
1575 3245 1688 3302 illorum
1704 3247 1879 3316 penituerit.

173 3345 216 3396 An
248 3341 273 3396 is
297 3339 367 3398 liber
382 3339 417 3394 sit
432 3337 613 3406 Tertulliani,
629 3353 713 3393 namo
729 3351 821 3407 nequa
835 3335 902 3391 olim
919 3336 1066 3402 dubitarit,
1089 3351 1181 3406 neque
1198 3350 1275 3392 nuno
1288 3334 1407 3391 dubitat.
1425 3335 1504 3391 Unus
1531 3342 1590 3391 erat
1619 3335 1751 3392 Erasmus
1781 3336 1880 3394 Rotte-

173 3428 321 3495 rodamus,
338 3428 468 3484 eumdem
485 3425 661 3483 Tertulliano
676 3425 822 3482 detrahere
841 3433 973 3496 conatus,
985 3440 1069 3496 quem
1084 3440 1143 3482 non
1169 3425 1225 3481 nisi
1250 3425 1350 3481 Beatus
1373 3424 1528 3480 Rhenanus
1552 3431 1666 3482 eeootus
1694 3431 1745 3493 est,
1761 3431 1880 3498 uterque

174 3518 225 3574 uni
240 3518 500 3588 boioargurnanto,
517 3515 584 3570 satis
609 3513 757 3578 imbecilli,
785 3515 912 3584 iunixus,
928 3511 993 3586 styli
1021 3515 1203 3571 diversitatis.
1221 3519 1311 3586 atqua
1336 3514 1412 3570 buno
1436 3511 1550 3586 quidem
1579 3528 1638 3569 non
1666 3529 1738 3585 nego
1766 3513 1796 3568 in
1824 3513 1878 3571 hoo

173 3605 247 3662 libro
276 3605 362 3678 paulo
388 3603 560 3662 llorldloram
586 3618 658 3670 esse,
674 3603 724 3660 sed
756 3619 811 3658 non
843 3617 942 3673 magne
959 3601 1176 3674 areliquorurn,
1192 3603 1276 3659 etiarn
1303 3617 1374 3673 quos
1399 3599 1630 3658 estromaisrma
1648 3608 1728 3658 aetate
1751 3601 1878 3674 scripsit,

172 3693 347 3765 diversitate,
378 3701 405 3749 et
431 3691 523 3748 solum
554 3691 583 3747 in
609 3691 779 3762 quibusdam
810 3689 954 3760 allegoriis
981 3705 1015 3747 ao
1042 3691 1216 3762 metaphoris
1243 3690 1327 3762 paulo
1351 3689 1555 3747 illustrioribus
1583 3691 1644 3746 sita.
1674 3691 1781 3756 Quodsi
1816 3706 1880 3749 vero

173 3783 284 3840 similes
306 3781 439 3840 doseulos
454 3797 488 3838 ex
513 3781 579 3838 allis
608 3781 737 3851 eiusdem
766 3778 869 3836 areolis
898 3781 1049 3856 decarpere
1073 3786 1195 3848 vacaret,
1211 3780 1295 3837 iaoile
1321 3781 1447 3846 integras
1474 3779 1597 3836 oorollas
1619 3785 1733 3836 nectere
1755 3795 1878 3850 possem.

173 3871 313 3928 Ceterum
341 3885 375 3927 ex
404 3870 467 3926 sola
490 3876 517 3926 et
545 3883 732 3941 questumque
758 3867 825 3941 styli
852 3867 1053 3934 discordantia,
1070 3869 1127 3924 nisi
1156 3869 1278 3924 aliorum
1302 3873 1330 3922 et
1358 3867 1517 3938 graviorum
1534 3869 1651 3941 quidem
1677 3876 1879 3940 argumentum

172 3958 350 4016 adminicula
373 3958 618 4026 oonourrant‚vir
646 3965 788 4014 austeram
824 3961 988 4028 snspeolum
1015 3956 1087 4026 lieri,
1116 3973 1153 4014 ne
1182 3955 1287 4022 diram,
1314 3954 1421 4028 aliquid
1459 3963 1560 4012 eontra
1596 3957 1728 4014 eumdem
1762 3957 1880 4013 deeerni

171 4064 269 4119 posse,
286 4049 395 4120 pridem
415 4063 528 4104 sensere
542 4047 592 4104 alii
618 4047 734 4121 optime
759 4053 832 4102 notae
855 4045 958 4115 eritiei,
975 4061 1007 4102 ex
1035 4045 1140 4118 quibos
1169 4045 1210 4102 rel
1234 4060 1326 4101 unum
1348 4045 1458 4102 adduoo
1472 4044 1656 4103 Guillelmnm
1681 4047 1812 4116 cerem,
1829 4028 1880 4116 qui

170 4137 203 4193 in
231 4139 298 4193 llist.
315 4152 372 4192 sue
402 4139 521 4193 litterar.
538 4134 762 4206 prolegomenis,
781 4143 849 4190 seut.
878 4151 915 4204 tv,
942 4149 1022 4190 num.
1047 4135 1093 4201 dl,
1122 4138 1186 4190 turn
1213 4135 1343 4201 demum,
1370 4149 1421 4190 eeu
1450 4134 1655 4205 suppositionis
1679 4140 1881 4206 argumentum

173 4225 289 4295 probari
317 4225 366 4296 ait,
382 4249 397 4277 a
414 4225 543 4298 sistylus
571 4225 716 4296 totiusque
744 4221 1075 4294 rationisoootantus‚sit
1102 4223 1186 4294 longe
1214 4223 1341 4278 diversus
1369 4222 1405 4278 ab
1433 4236 1466 4278 ao
1489 4223 1602 4280 dicendi
1628 4223 1801 4288 obaraotere,
1824 4235 1879 4293 quo

171 4315 203 4371 in
231 4315 365 4386 genuinis
392 4315 451 4372 suis
479 4329 547 4371 usus
576 4321 619 4370 est
646 4317 755 4370 unctor.
774 4313 887 4384 ahtqoi
915 4328 979 4368 roro
994 4311 1065 4368 adeo
1081 4329 1138 4369 non
1155 4311 1238 4383 longe
1253 4311 1396 4368 divorsum
1411 4310 1501 4382 quiris
1516 4310 1612 4382 legens
1627 4309 1830 4384 deprehendet,
1847 4316 1880 4366 ut

169 4405 267 4475 potius
281 4412 382 4476 praeter
396 4420 502 4476 pauens
516 4403 652 4475 quasdam
669 4401 796 4473 phrases,
811 4401 893 4472 paulo
909 4401 1098 4471 excitatiores,
1115 4408 1142 4457 et
1156 4401 1187 4457 in
1211 4399 1275 4457 aliis
1289 4399 1459 4458 Tertulliani
1483 4400 1596 4471 seriptis
1615 4401 1660 4459 vix
1683 4407 1878 4468 occurrentes,

170 4493 272 4550 Atrum
287 4494 358 4550 illud
374 4493 566 4550 aeeonoiaum
582 4490 689 4562 eloquii
703 4505 804 4561 genus,
821 4489 871 4546 uni
886 4490 975 4547 lerme
988 4489 1165 4547 Tertulliano
1187 4490 1346 4563 proprium,
1362 4487 1410 4546 illa
1422 4489 1534 4556 ‚deinde
1559 4490 1624 4564 styli
1647 4489 1723 4548 salut
1751 4489 1880 4561 quasdam

171 4581 317 4652 majestas,
333 4596 530 4651 sensuumque
545 4581 576 4636 iu
589 4579 713 4651 singulis
728 4577 918 4651 propererhis
930 4577 1064 4648 ubertas;
1081 4578 1129 4636 illa
1142 4578 1257 4650 grandis
1271 4578 1444 4650 eloquentia,
1459 4594 1532 4650 que,
1549 4585 1612 4634 utut
1624 4580 1694 4636 dura
1707 4579 1754 4649 sit,
1769 4578 1878 4646 neseio,

170 4672 314 4742 quomodo
329 4679 424 4728 tamen
440 4671 575 4728 leotoram
590 4667 637 4726 vel
648 4667 768 4725 invitum
783 4668 818 4724 ad
834 4683 864 4725 se
879 4683 977 4738 rapere
992 4675 1094 4739 potest,
1106 4683 1164 4725 non
1179 4667 1275 4724 minus
1291 4669 1319 4724 iu
1337 4667 1390 4724 boe
1406 4667 1478 4724 libro
1493 4667 1649 4739 triumphet
1660 4685 1668 4725 ι
1680 4672 1712 4725 nt
1727 4667 1767 4725 nil
1783 4668 1878 4725 dieam

169 4763 208 4818 ds
221 4760 286 4816 aliis
301 4759 461 4831 phrasibus,
477 4775 512 4817 ax
527 4759 591 4817 aliis
608 4759 736 4829 eiusdem
752 4757 833 4814 libris
849 4766 905 4813 tam
920 4757 1022 4816 mh
1040 4756 1138 4815 sedulo
1153 4758 1303 4829 expressis.
1322 4759 1435 4815 Fatetur
1448 4758 1515 4815 dein
1533 4757 1597 4829 ipse
1607 4759 1708 4816 Beatus
1723 4759 1880 4816 Rhenanus

171 4869 187 4898 α
198 4856 345 4906 suetorum
361 4848 445 4919 th'us
460 4848 524 4905 libri
539 4847 640 4904 verbis
657 4855 685 4903 at
700 4847 797 4920 liguris
812 4846 915 4903 iisdem
940 4847 1030 4918 uti,et
1054 4848 1181 4918 quisquis
1208 4847 1302 4917 tuerit,
1317 4847 1379 4920 ejus
1407 4847 1525 4905 indubie
1554 4863 1617 4906 esse
1644 4848 1753 4918 sensuli,
1770 4855 1798 4906 et
1812 4849 1880 4906 Ter·

169 4937 286 4994 tulliani
301 4937 562 5006 studiosissimum
580 4959 594 4987 a
610 4935 745 5008 quidquid
761 4933 1042 4992 seroTertullianum
1056 4934 1174 5007 ipsum?
1189 4936 1257 5005 Quis
1271 4937 1349 4994 enirn
1360 4936 1434 4992 alius
1457 4935 1561 5010 stylum
1577 4938 1649 5010 ejus,
1664 4947 1739 4996 oerta
1754 4936 1882 5009 singula·

169 5035 283 5082 ramat
311 5025 396 5082 risa
423 5026 555 5098 quopiam
586 5023 767 5094 imitabilem,
780 5030 837 5079 tam
867 5022 938 5080 seito
963 5023 1143 5094 expresserit,
1158 5031 1188 5081 ut
1204 5025 1278 5097 apud
1307 5025 1336 5082 S.
1363 5023 1528 5095 Troianum,
1558 5041 1622 5083 seeo.
1647 5044 1675 5085 tr
1699 5027 1879 5097 scriptorem,

169 5129 329 5186 omnesque
342 5114 415 5172 allos
429 5129 479 5185 per
493 5113 643 5186 plusquam
659 5113 792 5170 undeoim
807 5110 912 5170 saeoula
927 5112 961 5168 sd
976 5115 1006 5167 Et
1017 5129 1123 5169 smum
1141 5128 1239 5185 usquo,
1254 5130 1306 5186 pro
1321 5115 1384 5185 ipso
1398 5111 1571 5171 Tertulliano
1599 5113 1741 5183 iolallerit,
1757 5123 1785 5172 et
1802 5115 1878 5172 nulli

171 5217 298 5273 unquam
314 5216 349 5259 ex
365 5201 431 5274 styli
445 5201 608 5260 diversitate
622 5201 766 5272 quidpiam
781 5202 817 5258 da
838 5200 895 5257 alio
910 5199 975 5256 libri
1001 5199 1084 5271 hujus
1106 5208 1221 5260 auetore
1243 5202 1421 5272 supoluerit‘l
1436 5203 1561 5259 Tandem
1585 5219 1651 5276 orgo
1674 5219 1708 5261 ex
1729 5204 1779 5261 illa
1807 5220 1880 5276 qua-

171 5291 317 5362 licumque
342 5293 456 5350 demum
486 5290 551 5364 styli
578 5289 770 5348 discordantia
799 5291 863 5362 plus
891 5289 970 5360 argui
998 5305 1056 5346 non
1085 5306 1168 5363 posse
1189 5306 1350 5358 oensemus,
1367 5307 1452 5363 quam
1467 5291 1685 5364 Tertullianum,
1702 5309 1766 5351 oum
1781 5293 1877 5349 adhue

170 5381 308 5451 vegetiori
331 5390 404 5439 esset
428 5387 509 5438 aetats
537 5379 725 5451 riraotoriqua
746 5380 873 5451 iugenio,
890 5379 964 5435 hano
992 5378 1178 5450 seriptionem
1204 5379 1481 5452 suscepissemus
1495 5381 1572 5438 euim
1588 5383 1711 5454 'ingenia
1739 5379 1880 5451 eiusmodi

169 5467 323 5527 fervidaso
342 5469 434 5542 agilia,
450 5471 539 5527 instar
554 5483 652 5541 epum,
667 5485 716 5539 per
733 5471 826 5525 varios
839 5473 924 5526 doras
952 5468 1191 5540 eireumrolltare‚
1206 5476 1291 5542 atque
1319 5485 1353 5527 ex
1382 5469 1484 5528 alienis
1514 5472 1599 5527 stiam
1622 5470 1705 5527 rebus
1729 5467 1880 5539 allegorias

170 5563 200 5615 et
228 5559 407 5631 metaphoras
437 5573 583 5632 exsugere,
608 5573 748 5630 suumque
781 5553 812 5616 in
839 5559 950 5616 alveare
977 5573 1023 5615 eas
1046 5565 1236 5628 oomportara.
1265 5559 1343 5617 Solet
1372 5561 1440 5617 item
1468 5564 1550 5616 aetate
1573 5563 1679 5616 sensim
1709 5558 1880 5631 proveetiorl

170 5643 318 5704 subsidere
339 5647 432 5717 stilus,
448 5645 683 5718 temperatiorque
698 5655 724 5702 et
739 5645 881 5704 robustior
906 5645 978 5705 lieri.
995 5647 1030 5702 nt
1057 5645 1179 5717 denique
1206 5647 1280 5704 baud
1309 5649 1392 5706 isolla
1419 5648 1587 5719 seriptorsm
1616 5646 1765 5719 quisquam
1798 5662 1878 5719 repe·

169 5733 237 5803 riet,
252 5734 301 5808 qul
327 5744 464 5811 perpetuo
492 5732 547 5793 slhl
574 5735 697 5806 eonatet,
713 5732 872 5805 presertim
898 5735 923 5792 sl
950 5747 1010 5794 non
1025 5747 1084 5792 nuo
1099 5733 1237 5794 oondnao
1251 5749 1336 5811 opere
1348 5735 1527 5810 protraxerit,
1543 5735 1591 5794 sed
1608 5733 1877 5810 pervadendoque
