4068 6186
206 351 269 416 695
472 351 734 418 nescentiam
756 356 1040 422 oennbnluslts
1062 360 1088 421 l.
1104 391 1143 404 -
1162 357 1299 423 sutiles
1320 358 1345 438 l,
1370 357 1652 424 teotonenlcs.
1833 365 1885 424 osb

211 485 338 544 imaeue
352 483 505 544 delitescet
519 489 688 546 contractus
700 491 730 546 et
741 491 872 564 torpens,
892 492 1034 563 tauquam
1048 491 1076 560 Α
1090 491 1184 548 Judex
1199 493 1394 566 exspectatur,
1420 492 1470 549 sed
1494 507 1545 549 vos
1569 491 1641 549 estis
1660 492 1695 550 de
1710 492 1848 568 judicibus
1869 483 1888 533 ¹'

212 575 332 632 coluber
346 579 518 634 exeantatus
531 581 583 634 eet
601 577 800 652 eliumigetns.
825 579 884 638 Nec
906 579 949 636 illi
973 583 1034 637 tarn
1091 579 1165 654 ipsis
1176 581 1339 653 judicaturi
1355 581 1434 656 (Sep.
1460 579 1514 654 ut).
1538 581 1744 639 constristetur
1763 583 1827 656 illic,
1848 584 1891 658 qul

211 665 286 722 benc
301 665 341 722 sit
354 665 384 722 in
399 683 453 724 eno
468 682 569 740 reguo,
583 671 616 724 et
629 685 680 726 vos
696 669 872 738 committat,
888 671 938 728 sed
955 670 1035 727 inve·
1090 670 1217 727 fructum
1233 669 1332 728 seculi
1356 671 1496 744 suspirat.
1521 670 1704 729 Christianus
1727 672 1807 729 etiem
1822 679 1891 732 extre

212 753 276 812 nist
300 755 443 830 munitos,
467 760 496 813 et
523 757 679 814 concordia
702 764 832 816 armatos
857 776 864 816 z
888 760 957 833 quie
981 776 1037 832 pax
1090 775 1237 817 carcerem
1262 758 1370 817 seculo
1393 759 1583 832 renuntiavit,
1609 760 1638 817 ie
1668 777 1775 818 carcere
1804 767 1889 820 autem

211 843 435 902 vestrebellum
452 845 563 904 estilli.
580 849 672 915 Quem
689 847 925 922 pacemquidem
950 847 986 922 tl)
1006 849 1036 904 in
1092 849 1178 906 etiam
1212 849 1427 907 cesserim
1451 849 1530 906 Nihil
1558 851 1689 919 interest,
1710 851 1757 908 ubi
1782 851 1842 908 sitis
1865 852 1891 908 ie

212 932 342 992 Ecclesia
362 951 421 992 non
443 935 598 1008 babentes,
624 955 641 994 e
664 939 843 1013 martyribus
868 937 898 996 in
922 953 1038 996 carcere
1091 939 1210 1009 esconio,
1226 940 1367 1012 quiextre
1381 939 1521 997 seculum
1537 939 1620 1009 estis,
1644 944 1673 997 et
1687 939 1712 996 si
1726 939 1894 1012 eliquaemi·

214 1038 334 1081 exorere
348 1029 573 1084 consueverunt.
589 1027 624 1084 lot
637 1026 703 1085 ideo
723 1042 788 1086 eem
803 1029 891 1086 etiam
907 1033 1037 1103 prepter·
1093 1028 1177 1088 sistis
1193 1032 1215 1068 ¹¹
1228 1030 1293 1088 vite
1302 1031 1583 1104 gaudiamegotietio
1592 1038 1637 1090 est
1646 1029 1753 1104 aliquid
1766 1031 1894 1100 emittere,

216 1127 251 1168 ea
266 1113 295 1170 iu
311 1112 394 1171 vobis
408 1114 516 1172 bebere
540 1119 569 1172 et
591 1115 686 1174 lovere
708 1120 738 1174 et
752 1117 901 1176 custodire
915 1117 1038 1188 debetis,
1094 1124 1128 1176 ut
1141 1121 1254 1194 majora
1277 1118 1410 1178 lucreris.
1431 1119 1511 1178 Nihil
1526 1120 1622 1178 adbuc
1648 1119 1711 1177 dico
1734 1119 1894 1194 depressio,

216 1205 250 1256 ut
264 1200 288 1258 si
302 1201 376 1260 lorte
390 1207 419 1260 et
431 1203 497 1260 eliis
512 1208 651 1278 prestere
666 1205 797 1279 possitis.
1094 1209 1130 1267 sd
1160 1209 1238 1283 qrrod
1257 1209 1335 1269 licus
1363 1213 1506 1284 martyres
1533 1207 1646 1266 invitet.
1676 1209 1770 1281 lpsem
1795 1207 1896 1264 iuterim

544 1347 659 1406 CAPUT
678 1349 703 1406 H
1095 1297 1347 1356 conversationem
1362 1299 1462 1356 saculi
1476 1303 1504 1354 et
1522 1297 1647 1356 carceris
1663 1313 1863 1371 comparemus,
1875 1296 1897 1353 si

707 1389 714 1406 ‘
1096 1404 1155 1445 nen
1170 1387 1237 1461 plus
1256 1388 1287 1445 in
1312 1404 1428 1446 carcere
1451 1387 1574 1461 spiritus
1598 1387 1724 1462 acquirit
1746 1403 1827 1460 quam
1840 1399 1897 1442 caro

254 1472 364 1529 Cetera
374 1487 457 1545 nque
467 1470 559 1530 enimi
572 1473 784 1547 impedimenta
794 1485 889 1549 usque
899 1476 935 1535 ed
950 1475 1042 1534 limen
1096 1466 1216 1547 emiltll,
1233 1477 1292 1534 imo
1303 1481 1332 1536 et
1346 1493 1410 1550 qum
1421 1475 1502 1550 justa
1517 1481 1587 1534 suut
1597 1493 1665 1534 cero
1676 1492 1734 1534 uon
1747 1475 1900 1548 amittitper

211 1562 345 1620 earceris
366 1560 540 1620 deduxerint
570 1579 633 1636 vos,
667 1579 821 1637 quousque
846 1568 875 1623 et
906 1571 1043 1640 perantes
1097 1583 1199 1624 curam
1215 1565 1358 1636 Ecclesie,
1371 1582 1484 1642 sgepeu
1509 1566 1634 1622 teatrum
1651 1582 1659 1624 ι
1675 1569 1705 1622 et
1718 1564 1899 1638 insuperque

219 1650 320 1708 vestri.
352 1650 462 1709 llxinde
485 1652 631 1726 segregati
651 1653 724 1710 estis
756 1655 793 1710 ab
822 1655 887 1728 ipso
920 1658 1042 1724 mundo,
1097 1673 1215 1730 semper
1229 1655 1311 1713 utilia
1325 1655 1403 1726 lidei,
1419 1655 1543 1729 spiritus
1566 1653 1735 1730 adipicltnr.
1758 1653 1817 1710 Nou
1829 1651 1899 1708 rides

220 1743 332 1813 quanto
354 1739 450 1814 magis
472 1756 491 1797 e
515 1740 621 1798 seculo
642 1743 789 1816 rebusque
812 1744 901 1816 eiust
916 1745 974 1802 Nee
988 1745 1044 1802 boc
1097 1746 1210 1803 alienos
1225 1746 1306 1813 deos,
1323 1761 1380 1802 noc
1391 1743 1573 1819 imaginibus
1586 1759 1688 1802 eorum
1708 1741 1838 1810 incurris,
1853 1757 1901 1797 uon

220 1844 272 1886 ros
304 1833 481 1902 consternet,
520 1831 597 1888 022
634 1833 712 1904 quod
745 1834 886 1906 segregati
928 1835 999 1892 estis
1028 1834 1412 1927 speclemueseetionum
1428 1833 1491 1890 dies
1516 1833 1581 1906 ipse
1603 1832 1804 1890 commistione
1825 1827 1901 1902 perti·

222 1918 334 1976 mundo
348 1917 369 1974 ⁸.
380 1918 411 1975 Si
425 1917 504 1975 enim
520 1920 716 1993 recogitemus
731 1922 830 1996 ipsum
846 1923 942 1998 magis
958 1939 1043 1982 mun·
1099 1926 1190 1998 cipes,
1212 1941 1269 1981 eon
1289 1923 1444 1980 nidoribus
1461 1923 1577 1996 spurcis
1599 1921 1774 1990 verberaris,
1788 1935 1841 1976 eon
1854 1916 1902 1974 ola·

221 2006 293 2062 dum
308 2022 453 2066 cernerem
475 2023 550 2076 esee,
575 2009 670 2067 exisse
683 2027 736 2068 vos
760 2029 775 2067 c
799 2029 924 2082 enecare,
954 2031 1043 2088 quam
1099 2016 1232 2072 moribus
1247 2011 1494 2088 spectaculorum,
1511 2011 1676 2082 atrocitate,
1691 2009 1736 2068 vel
1756 2005 1901 2078 inroraret

222 2095 253 2152 iu
269 2111 415 2154 carcerem
430 2097 578 2170 introisse,
594 2100 805 2174 intelligemus.
823 2101 948 2174 Mejores
964 2107 1043 2162 teue-
1099 2103 1286 2178 impudicitia
1302 2102 1514 2160 celebrantium
1544 2101 1666 2158 sederis
1694 2117 1701 2157 ι
1727 2116 1781 2156 uon
1809 2099 1838 2154 iu
1850 2096 1902 2152 loca

222 2184 290 2242 bees
318 2185 408 2242 babet
439 2188 578 2260 mundns,
604 2205 668 2261 que
703 2189 856 2248 bominum
888 2194 1045 2266 precordia
1099 2193 1255 2252 libidinum
1272 2192 1455 2266 publicarum
1470 2190 1547 2248 oculi
1562 2189 1606 2246 tul
1631 2189 1903 2263 impingunt2vnces

220 2277 375 2331 excecant.
398 2276 552 2334 Graviores
573 2281 692 2334 catenes
715 2278 724 2314 ¹
750 2280 847 2337 induit
868 2282 879 2316 ¹
903 2284 1044 2351 mundus,
1100 2283 1297 2352 ascendatis,
1327 2298 1345 2338 a
1373 2281 1596 2351 tentationibus,
1626 2297 1643 2338 a
1672 2275 1904 2337 recordationibus

220 2379 284 2437 que
298 2365 377 2436 ipses
392 2365 508 2423 animas
523 2365 678 2424 homiuum
692 2369 911 2444 constringunt.
928 2372 1044 2445 Pejores
1100 2373 1186 2430 malis
1198 2373 1261 2444 jem
1278 2377 1307 2428 et
1331 2388 1349 2428 a
1373 2369 1586 2444 persecutione.
1612 2374 1671 2426 ilco
1695 2371 1810 2443 praestut
1823 2379 1907 2421 carcer

218 2453 425 2512 immunditias
448 2455 577 2530 exspiret
588 2457 726 2526 mundus,
742 2456 849 2518 libines
878 2461 1043 2518 bominum.
1099 2461 1277 2529 Christiano,
1294 2460 1372 2536 quod
1387 2477 1504 2518 eremus
1520 2459 1673 2532 prophetis
1694 2459 1792 2532 (Moru.
1808 2455 1836 2528 1).
1851 2455 1906 2525 lpse

217 2543 320 2602 Plures
346 2547 494 2618 postremo
523 2547 653 2604 mundus
676 2565 741 2605 reos
765 2549 905 2623 continet,
934 2551 1046 2609 scilicet
1101 2552 1243 2608 llomiuus
1259 2552 1289 2606 iu
1303 2565 1420 2606 secessu
1437 2543 1907 2623 imqueutiusegebet,utliberius

218 2632 388 2690 universum
403 2633 558 2692 hominurn
573 2652 678 2708 geues.
698 2635 815 2695 iudicis
838 2639 962 2712 denique
986 2658 1043 2698 nou
1099 2647 1206 2709 oraret,
1222 2645 1255 2697 ut
1269 2639 1375 2697 seculo
1390 2640 1507 2695 caderet
1522 2639 1597 2710 (bne.
1614 2643 1667 2708 ιν).
1689 2635 1813 2694 Gloriam
1834 2631 1904 2688 deul·
1998 2624 1999 2642 ³

218 2721 413 2795 proconsulis,
429 2723 480 2780 sed
495 2723 545 2782 Dei
572 2725 698 2782 sustinet
723 2726 772 2800 (5).
794 2727 855 2793 Quo
879 2745 941 2798 ves,
956 2730 1045 2787 bena·
1100 2747 1158 2804 que
1184 2747 1269 2787 snam
1295 2727 1449 2800 discipulis
1474 2728 1504 2784 iu
1529 2727 1690 2785 solitudine
1715 2718 1908 2781 demonstravit

219 2811 300 2881 dieti,
316 2811 351 2870 de
366 2826 482 2871 cercone
496 2813 528 2870 in
547 2815 750 2872 custodiarum
766 2816 792 2873 si
814 2817 889 2876 torte
919 2819 1044 2877 trenela·
1099 2819 1204 2894 (lloltlr.
1228 2835 1308 2886 xv113
1326 2821 1413 2875 dlorc.
1436 2833 1484 2887 1¹3
1510 2821 1576 2874 Luc.
1601 2832 1645 2885 1¹3
1665 2814 1807 2882 lestap.
1829 2807 1905 2866 Aule·

218 2905 264 2958 tos
287 2899 471 2960 existimetis.
494 2901 588 2960 Habet
612 2903 760 2975 tenebras,
783 2907 834 2964 sed
858 2905 958 2965 lumen
974 2910 1045 2968 estis
1098 2925 1201 2966 remus
1223 2905 1347 2964 carceris
1369 2921 1487 2976 nomen,
1512 2921 1664 2963 secessum
1690 2917 1833 2961 vocemus.
1856 2895 1906 2954 litai

218 2990 277 3064 ipsi
291 2992 327 3047 ¹:
348 2990 438 3048 babet
457 2990 585 3063 uincula,
610 2993 662 3050 sed
688 3010 739 3052 vos
763 2993 851 3052 soluti
876 2997 935 3054 Deo
962 2999 1044 3056 estis.
1101 3014 1207 3071 corpus
1222 2996 1395 3060 includitur,
1410 2993 1467 3051 etsi
1486 3007 1553 3052 caro
1578 2993 1736 3061 detinetur,
1751 2985 1906 3058 omnicspi·

219 3078 315 3139 Triste
330 3079 390 3138 lllio
405 3080 545 3154 exspirat,
560 3083 612 3139 sed
627 3099 680 3140 avos
699 3084 771 3141 odor
785 3085 858 3142 estis
879 3088 1042 3146 suavitatis.
1060 3073 1082 3142 G
1101 3087 1170 3145 ritui
1195 3091 1304 3160 putent.
1332 3083 1445 3158 Vugere
1470 3081 1588 3157 spiritu,
1612 3082 1742 3158 spatiere
1765 3076 1871 3153 spiritu,
1885 3077 1908 3129 tl

907 3217 1032 3305 'Vuriae
1053 3243 1216 3306 lectiones.

255 3369 643 3441 ‘amundocoeetltipate
681 3370 812 3431 'Cereus
826 3373 932 3448 Rigalt.
969 3377 1202 3436 ¹lmbultScml.
1239 3375 1443 3433 ¹Lumeouos
1466 3371 1523 3447 ipsi
1541 3372 1646 3448 ltipoit.
1702 3371 1725 3410 ¹⁰
1749 3369 1829 3428 ltltee.
1852 3361 1913 3422 Add-

222 3442 259 3499 de
278 3441 440 3516 iudicibus.
479 3442 503 3480 ¹¹
518 3441 653 3500 Amisisti
666 3443 732 3500 lau.

944 3572 1206 3636 Commentarius.
1399 3597 1407 3632 ι

226 3711 388 3770 a'l'entsbo
404 3709 470 3767 illos
484 3709 592 3768 vilibus
616 3710 726 3769 scidiis.
744 3712 916 3771 »Audierat
935 3715 1050 3771 'l'ertul-
1104 3714 1166 3770 hec
1189 3709 1392 3779 intellipenda.
1418 3711 1482 3767 ltlos
1497 3709 1607 3784 quippe
1627 3710 1799 3793 inoleverat,
1823 3708 1854 3788 til
1873 3714 1915 3772 ¹l¹¹¹
1997 3709 1998 3716 '

226 3785 324 3841 lienus
338 3798 402 3840 esee
417 3783 550 3856 quedam
573 3784 650 3840 iuter
672 3791 817 3860 martyras
831 3802 890 3843 non
906 3787 982 3855 odie,
1000 3787 1049 3842 scd
1106 3801 1166 3859 pree
1178 3784 1332 3855 tyrunuidc
1348 3784 1378 3838 in
1394 3782 1561 3840 uereor-ibus
1584 3783 1795 3839 detinebantur
1813 3772 1914 3853 libellos

226 3855 423 3913 defectionum
439 3871 472 3913 ec
491 3855 710 3912 dissensionum
734 3857 860 3928 somine,
874 3858 1051 3930 quibusdam
1107 3855 1275 3930 petentibus
1297 3856 1401 3912 darent
1421 3853 1558 3912 lldelibus
1581 3853 1800 3936 inpoenitentia
1818 3851 1915 3905 eonsu-

228 3929 302 3984 sorte
317 3927 359 3984 sio
374 3927 608 4000 disputantibus,
632 3928 851 4001 Scriptururum
878 3931 1052 3988 unctoritnte
1105 3930 1187 3998 tutis,
1213 3943 1339 4000 quorum
1362 3942 1417 4000 ope
1441 3941 1542 3998 pacem
1562 3925 1613 3982 ba
1636 3926 1792 3984 otiuebent
1808 3925 1835 3977 et
1855 3929 1912 3998 eom

227 4016 285 4056 nou
301 3998 462 4072 prohiberi,
477 3999 638 4071 quominus
653 4000 771 4057 vincula
790 4018 845 4058 sue
868 4009 1052 4074 mortemque
1106 3999 1219 4058 eustorio
1234 3998 1657 4082 iratribusoommnnicapbeut.
1675 3999 1720 4082 Ad
1737 3993 1916 4120 indulgentie·

226 4070 321 4145 ipsam
338 4075 534 4128 annumerata
549 4073 775 4130 concussoribus
800 4073 924 4146 pecunie
947 4074 1052 4145 dopre·
1106 4089 1172 4129 rum
1187 4088 1254 4128 vero
1269 4073 1474 4128 euclorrtetem
1498 4069 1661 4144 pluremum
1688 4075 1746 4128 rste
1767 4083 1818 4124 cen
1840 4064 1917 4142 notul

226 4147 373 4200 narentur.
390 4147 492 4216 lisque
506 4141 653 4211 bortatur,
668 4145 696 4200 ld
723 4146 908 4218 potissimum
933 4145 1054 4202 videant
1106 4159 1231 4217 querum
1249 4144 1347 4199 lorsen
1364 4142 1488 4198 uineism
1513 4141 1688 4199 leeilitutem
1711 4131 1916 4215 arguebatlelm

228 4231 264 4272 ne
278 4215 534 4272 consilieSetanas
547 4216 687 4272 aduersus
699 4217 706 4270 i
712 4233 780 4288 psus
795 4217 1052 4290 coquutsolvondo
1106 4215 1278 4290 Cyprianus,
1293 4220 1382 4288 etque
1397 4212 1542 4287 superiori
1557 4211 1666 4270 seculo
1677 4205 1918 4288 synoduslrrdtn·

228 4303 328 4344 secum
343 4287 401 4344 iste
415 4305 426 4344 :
440 4287 580 4344 Homines
599 4304 652 4359 ego
668 4288 776 4344 tentari
801 4289 961 4361 quondam,
984 4305 1051 4343 cum
1106 4289 1169 4344 tius
1183 4304 1246 4359 quas
1262 4287 1403 4343 aduersus
1418 4285 1542 4342 haeresiu
1558 4301 1594 4342 ex
1608 4286 1724 4342 ebusus
1737 4279 1917 4353 indulgentem

228 4361 258 4416 iu
275 4375 339 4416 mac
354 4375 411 4415 uon
427 4364 512 4416 crant
527 4375 534 4416 τ
551 4375 656 4430 nempe
670 4377 737 4415 cnm
752 4365 836 4418 orent
851 4360 881 4415 in
897 4359 1052 4431 paredis03
1107 4375 1173 4415 rom
1189 4364 1330 4432 praetextu
1344 4357 1538 4432 pullulantem
1553 4351 1919 4428 coacte,beeresietabusp1

229 4431 339 4487 tentavi
363 4435 460 4486 antem
488 4432 732 4504 prestantissimo
764 4432 868 4487 divium
896 4432 1052 4504 cujusdem
1107 4431 1254 4488 occurrit:
1270 4429 1373 4486 heresi
1387 4430 1519 4502 quidem,
1535 4445 1603 4486 oum
1618 4430 1726 4487 delinit
1748 4431 1786 4486 ab
1809 4419 1921 4482 Ecclesia

231 4502 345 4558 arboris
370 4501 466 4560 fructu
493 4517 499 4558 :
523 4501 596 4560 istos
620 4502 717 4575 bodie,
750 4504 801 4574 qui
826 4503 855 4558 iu
881 4519 946 4560 meo
971 4509 1052 4572 eunt,
1108 4503 1420 4576 pendera,concedere
1443 4501 1643 4573 indulgentias
1669 4505 1749 4570 (nam
1774 4500 1806 4556 B.
1827 4489 1920 4566 Penius
1996 4533 1997 4546 ,

233 4589 339 4702 titt?
361 4571 1054 4709 tutttttuttttttrttttt·ttulit
1108 4574 1323 4703 ttttffltitt
1342 4567 1919 4703 litttttttttttillirtttt
1996 4653 1997 4676 a

235 4721 313 4773 esset
327 4689 357 4772 in
373 4717 519 4788 paradiso,
535 4687 702 4800 sdblbendn
717 4719 772 4774 luit
787 4720 912 4792 mugnis
935 4693 1056 4802 pa’rstns
1072 4696 1094 4762 Ῐ)
1108 4689 1192 4793 juxte’
1205 4722 1376 4803 eetepemet
1390 4717 1542 4802 probatem
1558 4717 1588 4774 in
1604 4717 1737 4774 licclesie
1749 4701 1920 4772 consuetudi·

233 4787 367 4854 tentatio,
384 4787 551 4861 appetentia
565 4788 677 4847 scilicet
701 4790 814 4848 tructus
836 4791 885 4864 qui
922 4807 937 4848 c
960 4790 1056 4847 homi·
1112 4788 1390 4858 uem,edh1berrcu
1414 4795 1475 4856 n,·
1494 4795 1562 4859 ete,
1577 4805 1651 4846 sese.
1677 4791 1724 4861 25,
1749 4787 1815 4870 Dec.
1839 4777 1920 4857 deln-

235 4860 325 4918 uibus
349 4861 457 4918 teneret
484 4861 554 4917 deos
576 4877 679 4918 :nuuc
701 4879 768 4919 vero
794 4864 822 4918 iu
849 4879 913 4920 meo
934 4863 1055 4935 positos,
1111 4863 1186 4934 delp.
1203 4861 1285 4918 Uude
1300 4877 1354 4945 uos
1369 4807 1410 4918 etl)
1422 4861 1561 4933 antiquos
1581 4875 1710 4948 cenonas
1726 4859 1820 4946 rejicit
1837 4863 1920 4908 conor·

236 4934 345 5008 quippe
359 4934 389 4988 in
404 4947 578 5006 carcereos
601 4935 787 4990 tenebrarum
813 4951 912 5007 regno,
937 4935 1056 4992 tentabo
1112 4937 1217 4993 liorum
1232 4933 1321 4991 veluti
1338 4934 1373 4990 ed
1398 4935 1583 5007 Ancyrauum
1607 4931 1758 4989 multisne
1783 4943 1844 4986 can.
1859 4921 1920 4978 ecc·

234 5005 321 5077 nugis
334 5008 363 5063 et
376 5003 559 5078 quisquiliis,
574 5011 644 5074 puta
663 5011 875 5062 momentaneus
901 5007 1056 5078 cujusdem
1111 5006 1293 5075 cesarioese,
1307 5005 1453 5076 carthag„
1470 5003 1648 5077 Agathonos,
1662 5009 1721 5062 eto.
1739 5004 1778 5060 Le
1796 5001 1859 5080 ea..

233 5075 397 5136 vaxetlonie
420 5075 588 5141 tormidine,
615 5079 666 5133 ent
680 5078 873 5148 producenda
898 5077 928 5134 in
945 5078 1059 5150 aliquot
1146 5078 1185 5148 (5)
1202 5076 1315 5134 iudicio
1330 5078 1452 5148 denique
1465 5093 1521 5133 noe
1534 5075 1720 5148 proconsulis,
1744 5072 1791 5130 sad
1810 5071 1920 5155 ,⁰⁶².”⁸⁸'

235 5165 329 5206 nunes
352 5148 416 5204 vitre
439 5148 468 5204 in
492 5149 554 5203 dios
577 5148 709 5204 mortalis
734 5149 907 5205 desiderio:
930 5150 1057 5220 demque
1113 5151 1192 5206 tinet.
1227 5148 1368 5215 Sustinet,
1397 5152 1559 5220 exspectet.
1587 5152 1653 5206 nro.
1681 5177 1716 5189 ·-
1744 5131 1922 5225 Nobrelrceat

234 5220 418 5278 committam
433 5220 515 5293 ipsos
528 5223 557 5274 et
571 5220 723 5291 exegitabo
742 5221 1057 5278 dissensionibusllaeo
1112 5221 1247 5278 dubitare
1270 5222 1307 5278 d'e
1329 5220 1569 5293 interpretatione
1589 5219 1721 5277 uirorum
1743 5215 1920 5291 eruditorem,

234 5297 306 5350 suet
319 5291 462 5364 parabilis
476 5295 504 5348 ct
518 5288 632 5346 obviem
648 5298 737 5364 etque
755 5293 791 5348 ad
807 5310 928 5349 tirenum
943 5296 1056 5348 Seianae
1112 5293 1208 5366 quiin
1224 5292 1278 5349 bec
1292 5291 1429 5364 palestre
1442 5307 1548 5348 nomeu
1570 5291 1687 5364 sliquod
1713 5289 1771 5345 sibi
1795 5290 1920 5371 quaeret·

234 5364 318 5436 tclep
355 5362 420 5421 nasi
444 5364 480 5419 de
503 5361 611 5418 vilibus
635 5363 730 5432 scopis
745 5367 774 5420 et
793 5364 894 5422 scidiis
918 5368 1057 5421 orborum
1111 5371 1182 5421 runt
1196 5383 1202 5421 :
1217 5367 1322 5434 putent
1336 5364 1477 5420 nimirum
1493 5365 1584 5420 ferme
1598 5379 1701 5419 omnes
1722 5361 1753 5418 in
1771 5357 1865 5430 aliquo
1877 5363 1919 5432 pp·

236 5381 435 5494 eremelibus.
450 5433 550 5492 scidis
572 5432 632 5488 sive
647 5434 750 5503 scidie,
768 5437 845 5492 unde
869 5441 897 5492 et
920 5436 1056 5505 discidia,
1112 5437 1181 5506 pido
1206 5434 1328 5491 ditionis
1351 5435 1486 5510 carthag.
1512 5435 1669 5492 autetiam
1700 5431 1732 5489 in
1761 5427 1920 5500 carthagine
1995 5447 1996 5490 t

237 5511 309 5567 suut
341 5502 479 5584 σχίδακις,
503 5501 648 5574 κλάσματα
681 5502 780 5575 ξύλων,
815 5507 884 5564 vilia
915 5524 1057 5564 cessarem
1111 5491 1919 5584 ipsecaptivosluissepropterbencoocempervetusti¹¹

237 5582 376 5639 arborum
392 5577 534 5651 segmine.
549 5577 698 5634 Vitruvius
714 5577 764 5634 lib.
779 5593 810 5651 u,
833 5580 923 5652 cap.l
943 5595 950 5636 :
966 5581 1056 5637 later·
1113 5571 1919 5656 nem,inquiunt,deprocopsuleAlriesplurimalilrntss·

237 5654 312 5712 vello
326 5651 423 5708 scidiis
436 5655 462 5706 et
478 5649 535 5705 luto
548 5648 700 5706 obstruunt.
716 5649 780 5706 ltro.
1111 5649 1152 5706 tio
1162 5650 1302 5706 iuliotitie
1312 5650 1545 5724 imperii.Verum
1555 5651 1764 5724 processeram
1773 5636 1918 5716 cnp¹d¹l¹¹¹

272 5724 312 5810 (l)
327 5723 415 5794 Quom
427 5737 522 5795 pcccm
535 5720 658 5792 quidem,
673 5725 728 5779 ete.
746 5723 785 5779 De
798 5736 868 5795 paee
892 5737 944 5780 sen
959 5737 1058 5778 recon-
1110 5724 1240 5781 mutatos
1255 5721 1347 5780 luisse
1361 5721 1555 5798 magistrates
1570 5721 1670 5782 nullm
1684 5711 1915 5794 ignorantem

239 5796 387 5854 cilratieuo
402 5811 469 5852 cem
480 5793 594 5852 caeteris
607 5793 780 5852 Christianis
802 5809 837 5853 eo
859 5799 916 5853 Duo
927 5794 1057 5868 primum
1816 5822 1823 5839 ·
