4156 6194
175 431 214 491 58
918 431 1138 492 stimulatu.
1845 437 1887 499 54

176 579 214 630 rx,
232 563 380 620 sxoodice
394 563 450 622 lde.
481 564 628 638 ligobardi
655 564 685 621 in
712 564 784 622 sibl.
814 565 883 638 llsg.
915 564 1428 638 obvioAexemptaribusantiquis
1452 567 1627 624 addiderit:
1656 567 1708 624 sed
1736 570 1887 628 nonduam

174 652 933 712 emendatistobserratiooibusillustrati.—Nio
951 652 1001 710 ili·
1057 653 1207 711 correctis.
1239 653 1308 710 Dira
1336 654 1415 712 natio
1444 661 1504 712 tam
1535 655 1609 712 loedo
1633 655 1766 729 Septimii
1793 659 1886 715 nostri

175 742 299 812 gallius,
315 743 402 815 cujus
413 759 519 800 nomen
535 741 583 799 bio
599 741 713 812 siletur,
729 744 834 800 borum
850 742 1004 818 opusculo·
1057 743 1149 800 libros
1160 743 1231 800 adeo
1247 760 1364 816 quoqne
1374 745 1554 819 jampridem
1570 746 1691 816 vexavit,
1702 751 1735 804 ut
1749 746 1887 818 jamialsi

175 847 241 886 rum
257 831 588 890 editionel'uturissuis
612 833 737 906 egregiis
764 835 800 889 de
824 831 1002 890 Tertulliano
1057 835 1188 888 vetustas
1203 831 1281 906 longi
1311 835 1453 906 temporis
1472 835 1723 908 prescriptionem
1752 836 1887 894 obstruat

176 921 292 977 meritis
321 921 481 994 proludere
496 921 599 978 voluit.
616 923 691 978 Sunt
712 926 810 982 autem
838 921 929 978 libelli
953 921 1002 976 isti
1058 921 1183 978 veritati.
1195 923 1276 988 Quod
1288 923 1313 978 si
1327 929 1457 980 veterum
1476 924 1618 981 librorum
1630 924 1760 998 appelles
1785 926 1885 982 fidem.

173 1011 691 1083 nouemesqnentes:deoratioue;
715 1012 752 1068 od
777 1009 929 1070 tlcoremt.
960 1013 1003 1066 2:
1058 1011 1290 1068 etiemveterum
1321 1013 1463 1070 librorum
1488 1013 1723 1072 [idolatsissima
1745 1013 1887 1073 lectiones

172 1099 306 1156 deduttu
320 1101 527 1174 seminaruml.
544 1101 691 1174 2(5u);ur
716 1101 918 1158 setorurione
948 1100 1003 1156 Ca·
1058 1100 1308 1157 eaerunrumtam
1321 1106 1391 1158 sunt
1404 1101 1510 1159 etlibri
1521 1107 1632 1160 veteres
1643 1103 1886 1176 depravatissimo

170 1191 282 1246 acutis
295 1207 308 1253 ,·
322 1190 355 1247 dc
380 1191 510 1259 Corono,·
529 1189 562 1247 de
575 1191 787 1264 Proscriptioue
811 1191 1003 1249 limi-eticorum
1058 1190 1178 1246 correcti
1197 1209 1204 1259 3
1236 1207 1330 1263 neque
1347 1191 1406 1248 nlla
1423 1207 1491 1266 spes
1504 1192 1672 1249 reducenda
1688 1209 1820 1265 unquam
1835 1209 1885 1252 ve-

172 1282 202 1334 et
226 1279 381 1352 Scorpiocc.
410 1280 505 1336 Codex
528 1280 677 1353 agobardi
708 1279 800 1336 libros
827 1295 893 1336 xxiv
922 1296 1002 1336 oom-
1058 1279 1164 1350 ritatis,
1181 1279 1314 1336 niellam
1331 1282 1884 1349 veterescanoisoantur‚utsiutomni

173 1366 278 1438 plexus
289 1369 393 1436 tuerat,
406 1385 525 1441 nempe,
553 1373 659 1441 prater
687 1385 789 1426 novem
807 1368 883 1436 illos,
913 1368 1002 1426 etiam
1057 1369 1436 1442 oorreotorumantiqnitate
1447 1370 1630 1428 vetustiores.
1659 1371 1737 1428 AEtas
1761 1387 1883 1428 avorum

175 1457 340 1515 tibrumret
354 1475 376 1514 ιι
386 1459 422 1515 ad
445 1459 586 1530 Nationes,
615 1474 669 1515 neo
698 1475 756 1515 non
784 1459 818 1516 de
842 1460 1002 1516 Testimouio
1057 1456 1220 1514 laudabiles
1234 1457 1367 1516 Rbenaui
1383 1475 1486 1531 operas
1496 1460 1578 1525 vidit,
1594 1459 1691 1518 tribus
1705 1459 1883 1518 editionibus

173 1547 290 1612 anime,
304 1547 338 1603 de
351 1547 529 1619 Spectaculis,
543 1547 577 1604 de
590 1546 763 1614 idololotria,
779 1546 812 1602 de
826 1547 915 1604 Consu
939 1548 1001 1602 out·
1056 1545 1232 1603 elaboratas.
1250 1547 1340 1618 Cujus
1354 1547 1409 1602 viri
1424 1547 1637 1620 ildei,judicio,
1653 1548 1822 1616 eruditioni,
1839 1549 1884 1604 di-

174 1651 250 1696 mae:
267 1635 301 1692 dc
315 1636 404 1692 Corne
428 1635 533 1693 turtur·
549 1653 556 1692 ι
587 1641 616 1692 et
639 1653 703 1708 qum
719 1635 807 1692 hodie
828 1634 1002 1693 Tertulliani
1056 1633 1227 1707 ligentis,si
1243 1635 1371 1708 partium
1388 1636 1489 1692 stadia
1501 1636 1657 1694 meliorum
1669 1637 1883 1710 exemplarium

175 1723 288 1796 scripta
303 1724 515 1796 desideramus,
531 1725 565 1782 de
580 1724 633 1797 Spe
646 1725 832 1797 tristiumue
856 1723 1001 1791 Parodico,
1057 1725 1234 1780 commercia
1249 1740 1307 1780 non
1322 1723 1508 1791 invidissent,
1525 1725 1551 1780 ia
1566 1725 1667 1798 procul
1692 1725 1781 1782 dubio
1811 1743 1885 1799 prae·

175 1811 334 1872 detatm
346 1813 528 1871 manmena
551 1817 580 1870 et
606 1814 640 1870 de
668 1813 868 1885 Superstitiosus
889 1811 1000 1872 aaecuti.
1056 1810 1192 1884 stitisset,
1220 1814 1296 1885 quod
1323 1813 1411 1870 istam
1432 1814 1514 1870 nobis
1534 1813 1622 1871 bodie
1649 1829 1769 1888 operam
1799 1813 1884 1871 valde

175 1900 334 1973 Inscripsit
348 1901 409 1958 baeo
419 1901 592 1960 Tertulliani
606 1899 751 1974 Rigaltius
764 1895 1002 1960 earaermando
1016 1933 1041 2000 Β
1055 1897 1172 1958 levaret.
1189 1901 1321 1974 Sequens
1336 1905 1407 1958 setas
1423 1901 1555 1958 Fulvium
1571 1901 1711 1959 Ursinum
1727 1900 1808 1973 tulit,
1826 1900 1878 1974 qui

172 1988 243 2046 duci
258 1988 397 2048 Riobello.
1055 1988 1171 2046 codices
1184 1990 1351 2062 inspexerat
1375 1989 1460 2064 longa
1494 1991 1630 2049 meliores
1668 1990 1879 2062 Rhenauianis‚

553 2099 633 2156 1530·
1057 2081 1211 2136 mutentur
1221 2083 1372 2152 aroerptas
1387 2079 1455 2136 inde
1465 2080 1603 2137 lectiones
1612 2080 1749 2138 editionis
1782 2085 1883 2138 Pame·

1057 2169 1142 2226 liena
1153 2169 1337 2242 marginibus
1351 2169 1518 2238 adnotasse,
1534 2170 1585 2227 sed
1601 2187 1637 2226 ne
1660 2169 1882 2243 possessoribus

209 2204 1003 2279 ..sragmentumexlibrisdeTertotlianidecarcer-
1099 2258 1104 2270 ,
1347 2257 1353 2270 ,
1496 2257 1503 2272 ,
1561 2259 1566 2270 ,
1691 2259 1696 2272 ,
1845 2261 1850 2272 ,

1055 2259 1176 2332 quidem
1196 2258 1407 2331 exemplarium
1424 2264 1596 2328 nominatis,
1617 2259 1764 2316 Fuluiana
1784 2260 1883 2317 leotro-

173 2294 219 2352 die
228 2295 353 2367 centium
369 2293 554 2360 diic,erutum
577 2293 1003 2364 eBiblioth.Valioans,studio

173 2383 298 2457 loseph.
315 2384 388 2442 ider.
400 2383 545 2441 Suarezii.

176 2491 250 2530 ann.
266 2474 306 2529 80.
325 2495 339 2524 a

575 2383 672 2454 nom,
698 2384 777 2440 1030.
804 2384 908 2454 pm,
937 2384 1002 2441 eod·
1058 2347 1686 2493 malin·nhm·mcm¹ili⁸⁸'ediltimmitque
1703 2348 1883 2494 Tglostatium

554 2563 635 2621 ee.
1057 2453 1294 2584 tttttttz.
1308 2453 1879 2599 ll'...⁰¹¹.⁰..l.¹.il.l¹tillimlll.

1059 2617 1144 2686 tioni,
1171 2616 1328 2690 Eprdictiois
1360 2617 1489 2674 Wowerii
1516 2616 1594 2674 Notis
1629 2620 1776 2688 accuratae,
1811 2617 1885 2676 tides

1059 2707 1147 2764 stiam
1163 2707 1241 2780 apud
1267 2706 1444 2763 austeriores
1471 2711 1605 2764 oonstare
1629 2707 1733 2764 debeat
1749 2724 1755 2776 ;
1773 2706 1832 2762 imo
1856 2713 1885 2764 et

1058 2795 1252 2868 schoppiauls
1263 2794 1323 2851 illis
1337 2811 1372 2850 ex
1389 2795 1524 2852 Tuldensi
1540 2800 1569 2852 st
1583 2795 1723 2852 Vaticano
1750 2795 1780 2853 in
1810 2799 1885 2868 Apo·

1058 2883 1216 2959 logatioum
1231 2889 1259 2940 et
1272 2884 1412 2940 adversus
1429 2884 1546 2942 ludaeos
1574 2885 1717 2958 excerptis
1729 2885 1765 2944 ab
1792 2885 1808 2940 J
1813 2885 1882 2940 unio

553 2953 633 3011 ¹⁶3⁴·
954 3034 959 3046 ¹
1058 2972 1225 3046 publicatis.
1250 2975 1381 3039 Quorum
1410 2977 1488 3030 certe
1516 2974 1602 3030 tidem
1632 2989 1665 3030 eo
1682 2972 1775 3043 magis
1792 2973 1883 3030 refert

216 3065 269 3118 Ro.
287 3061 640 3133 praemonitiones,
666 3061 820 3134 sumptibus
848 3059 1006 3118 Matturini
1059 3062 1169 3134 ubique
1184 3061 1418 3132 testatissimam‚
1436 3061 1513 3134 qood
1527 3065 1556 3117 et
1571 3059 1665 3118 multa
1686 3064 1757 3117 sunt
1769 3063 1881 3133 etpre-

179 3152 222 3206 θα
241 3153 323 3219 Pulc,
350 3151 397 3208 ula
422 3151 558 3219 sucuro,
592 3152 640 3206 rut
667 3167 746 3223 ecquo
770 3150 895 3215 Cornum,
913 3149 1004 3218 teu
1060 3150 1236 3210 claranobis
1252 3150 1446 3218 indenatata,
1471 3149 1619 3224 quelhuio
1643 3147 1765 3208 editioni
1789 3148 1881 3222 plari-

177 3244 259 3312 Sept.
275 3239 350 3297 Flor.
366 3239 538 3297 Tertulliani
554 3238 648 3312 Opera
671 3239 707 3295 ad
734 3237 1004 3295 vetustissimorum
1060 3257 1142 3298 mum
1157 3240 1289 3298 tribuant
1303 3239 1377 3296 loeis
1393 3243 1421 3296 et
1437 3237 1614 3296 ornamenti.
1628 3243 1694 3294 Haeo
1721 3237 1777 3296 erit
1804 3237 1882 3311 apud

178 3329 395 3403 exemplarium
414 3329 681 3402 ildemlocisquam
693 3329 1004 3400 plurimisemendata.
1020 3302 1043 3372 c
1062 3334 1195 3404 posteros
1208 3329 1302 3385 etatis
1318 3333 1423 3385 nostre
1447 3327 1555 3402 gloria.
1584 3328 1635 3384 cui
1659 3329 1748 3386 decas
1771 3325 1885 3384 aceedit

179 3419 291 3476 Nicotot
316 3420 435 3490 Ripaltii
448 3418 476 3474 J.
515 3423 544 3474 C.
573 3417 827 3474 observationibus
863 3423 891 3474 et
927 3417 1005 3474 notis
1061 3419 1167 3493 iugens
1188 3426 1337 3491 comperto
1365 3418 1486 3474 tandem
1514 3417 1622 3485 codice,
1653 3433 1789 3490 quemex
1819 3421 1885 3474 voto

178 3507 339 3564 illustrate.
356 3511 426 3564 cum
442 3507 537 3564 indice
551 3506 694 3580 glossario
710 3505 776 3580 styli
788 3505 923 3564 Africani.
941 3527 955 3556 n
970 3536 1005 3546 -
1059 3507 1206 3581 Agobardi
1221 3506 1351 3580 episcopi
1369 3507 1575 3579 Lugdunensis
1591 3507 1628 3563 ad
1643 3511 1672 3562 S.
1687 3506 1827 3578 Stephani
1843 3505 1887 3562 el·

179 3597 255 3664 Quid
272 3595 562 3653 novahaoomnium
587 3596 663 3652 Tert.
680 3612 800 3669 opernm
825 3595 1004 3666 renensium,
1059 3596 1267 3654 tareoblatum
1296 3595 1386 3652 luisse
1412 3594 1545 3667 legimus.
1571 3594 1747 3652 Huoooerte
1775 3594 1886 3651 librum

218 2692 233 2720 u
248 2669 318 2726 tob.
334 2669 435 2742 Grojus
449 2669 598 2742 specimen
620 2669 856 2740 conjecturarum
872 2670 902 2726 ia
930 2686 1006 2740 que-

180 2758 331 2815 damlooa
359 2758 503 2832 Origenis,
535 2759 644 2830 {renisi
668 2758 852 2826 Tertulliani,
880 2763 909 2815 et
938 2758 1005 2832 Epi-

178 2847 284 2920 phanii
299 2847 393 2905 edidit
405 2847 495 2904 Oxou.
511 2847 599 2904 in·8⁰.
617 2869 632 2900 »

179 3691 292 3758 quaet
314 3701 395 3741 nuno
419 3684 508 3742 etiam
538 3684 736 3758 principatum
754 3689 844 3752 tenet,
868 3683 1004 3752 elicuerit,
1060 3687 1095 3743 ad
1111 3685 1290 3758 exemplaria
1315 3682 1367 3741 illa
1397 3685 1528 3741 nondum
1559 3685 1885 3756 correctadescriptum

178 3779 232 3830 ent
246 3774 363 3831 allicere
377 3774 481 3831 saltem
495 3773 621 3830 voluerit
636 3773 792 3846 Rigaltius,
818 3773 913 3846 ipsios
935 3777 1005 3846 puto
1060 3775 1162 3842 tuisse,
1179 3774 1421 3848 probabunthus
1436 3790 1490 3846 ope
1501 3773 1637 3832 restituta
1651 3775 1744 3831 nitore
1760 3772 1884 3846 pristino

179 3862 288 3930 serbis,
304 3863 420 3920 etiamsi
436 3860 524 3936 paulo
539 3861 728 3936 plenioribus,
747 3862 849 3918 audire
878 3863 918 3918 sit
940 3876 1005 3934 pre·
1060 3880 1149 3937 quam
1165 3863 1388 3936 plurimalqnae
1408 3862 1526 3936 singula
1553 3863 1684 3921 indicare
1706 3863 1784 3920 taedii
1812 3879 1884 3920 sane

177 3951 267 4007 tium.
283 3949 494 4020 «Tertulliani,
512 3973 526 4002 »
542 3951 649 4023 inquil,
662 3952 711 4010 Μ
730 3973 744 4001 e
758 3949 869 4023 scripta
883 3949 1005 4023 legenti·
1059 3952 1164 4008 luisset
1179 3951 1392 4022 molestissimi,
1408 3949 1494 4024 pretii
1509 3967 1577 4008 vero
1593 3950 1703 4008 nullius
1716 3969 1723 4022 ;
1734 3967 1801 4008 nam
1821 3951 1884 4008 heo

179 4041 249 4105 bus,
264 4041 354 4096 etiam
365 4039 444 4097 haud
460 4039 648 4097 mediocriter
670 4039 819 4107 litteratis,
848 4042 1007 4096 occurrunt
1059 4039 1573 4113 ipsa'Tertollianueavidereocpit,
1590 4045 1778 4112 elsua,que
1807 4039 1885 4097 mals

179 4127 315 4186 diitlcilie
330 4145 389 4186 non
417 4146 512 4202 pauca
531 4128 675 4186 sermonis
698 4133 727 4186 et
752 4129 914 4202 scripture.
930 4128 1004 4185 Nam
1060 4128 1162 4186 avulsa
1175 4129 1302 4194 fuerant,
1318 4133 1377 4185 lam
1394 4129 1467 4186 bene
1478 4127 1565 4184 bodie
1581 4128 1736 4200 coherent,
1753 4133 1785 4185 ut
1799 4127 1886 4185 avelli

180 4218 329 4276 sermonis
353 4217 473 4291 quidem
504 4218 634 4276 Africani
663 4217 803 4292 superbio
839 4217 1004 4275 doctrinam
1060 4234 1192 4291 unquam
1208 4217 1340 4288 potuisse
1354 4233 1412 4282 noo
1427 4218 1645 4290 medullaque
1659 4231 1885 4274 summasrecu-

181 4308 275 4364 terme
288 4307 421 4364 omnium
437 4308 504 4364 dote
515 4306 789 4380 prostanslectoros
803 4307 858 4364 sibi
869 4307 1007 4380 poaoebat
1060 4311 1229 4380 pecatorum
1246 4305 1345 4379 colligi
1361 4312 1407 4364 sat
1422 4307 1488 4374 erit,
1505 4311 1538 4364 nt
1561 4306 1630 4364 inde
1659 4308 1784 4374 constet,
1814 4305 1886 4378 quid

179 4397 217 4452 sd
237 4401 344 4452 nutum
361 4395 556 4453 attentissima
571 4411 702 4469 sagaces.
726 4395 920 4469 Posteaquam
939 4411 1006 4453 vero
1060 4395 1304 4469 prestaresimue
1319 4395 1424 4469 parati.
1440 4395 1487 4454 Sio
1504 4399 1650 4464 tameu‚ut
1666 4393 1808 4453 notabilia
1821 4399 1887 4452 tan-

179 4485 210 4541 in
228 4485 317 4558 longe
328 4483 524 4556 aliosinoidit,
541 4485 648 4543 mutari
665 4485 794 4557 cupita
815 4485 923 4557 quibus
947 4500 1006 4541 non
1060 4487 1128 4542 dem
1145 4484 1458 4556 comprehendantur:
1475 4485 1685 4542 minutioribus
1701 4501 1754 4542 uec
1769 4485 1820 4544 aa
1842 4490 1886 4542 ta·

178 4573 351 4647 potnitoepi
361 4573 694 4647 etspurieedilectionee
705 4573 1005 4648 protegitimis,adul·
1062 4591 1129 4632 men
1149 4574 1332 4648 spernendis,
1345 4575 1517 4648 scrupolose
1530 4573 1711 4630 calculorum
1726 4573 1885 4648 diligentie

178 4668 249 4721 tere
264 4679 373 4720 manus
388 4662 597 4719 inverecundia
606 4661 724 4735 sparsit.
736 4663 891 4736 Scriptura
906 4667 1004 4720 autem
1019 4661 1044 4728 D
1060 4664 1180 4732 relictis,
1196 4669 1229 4720 ut
1244 4663 1283 4721 sit
1297 4663 1367 4721 olim
1382 4663 1486 4736 ingens
1501 4662 1612 4719 cumuli
1627 4678 1753 4720 summa.
1782 4662 1885 4720 Obssr·

180 4755 287 4811 nativa
304 4752 399 4824 ruina,
416 4753 546 4810 auctoris
560 4751 657 4809 verbis
673 4752 760 4810 semel
775 4753 956 4827 interceptis,
972 4758 1005 4810 ut
1060 4753 1191 4810 vationes
1202 4751 1678 4825 adjecimusillustrandisaliquot
1691 4749 1763 4808 locis
1779 4751 1885 4808 obscu-

180 4843 294 4900 obtrito
309 4857 441 4914 eorpore,
461 4858 582 4899 sensum
594 4857 653 4897 una
667 4842 752 4913 quasi
766 4841 866 4914 ipsum
882 4847 911 4899 et
925 4859 1005 4900 men·
1061 4842 1200 4912 rioribus,
1218 4842 1306 4916 prisci
1322 4842 1412 4899 moris
1423 4843 1485 4914 jam
1502 4841 1590 4914 longa
1609 4840 1755 4898 oblivione
1785 4839 1883 4908 deleti,

180 4938 242 4990 tem
258 4931 436 5005 profligauit.
464 4931 512 4988 Sic
527 4929 648 5004 pessimi
663 4935 841 4990 correctores
868 4931 1006 4989 emenda·
1061 4935 1112 4990 aut
1126 4931 1301 4988 eruditionis
1316 4930 1441 5003 alicujus
1457 4929 1612 4986 recondite
1640 4928 1770 5002 vestigiis
1798 4929 1883 4986 inda·

180 5019 300 5079 tiseims
314 5019 475 5094 perdidere.
491 5020 565 5076 Nam
581 5019 735 5092 quisesset
749 5019 932 5093 querelarum
948 5037 1008 5078 mo·
1063 5019 1181 5094 gaudis.
1198 5021 1228 5076 ln
1245 5035 1314 5092 quo,
1331 5018 1356 5076 si
1371 5017 1513 5076 nonnulla
1529 5017 1617 5094 paolo
1631 5017 1769 5075 licentius
1788 5018 1885 5091 posita

181 5111 240 5168 dos
254 5109 267 5166 i
283 5109 415 5183 autquid
431 5110 461 5166 in
473 5112 561 5165 tante
575 5107 829 5168 calamitatisoasu
843 5115 905 5168 tam
917 5111 1008 5169 veteri
1062 5114 1114 5168 aut
1128 5109 1285 5183 disquisita
1301 5113 1487 5177 censeantur,
1507 5113 1538 5165 ul
1554 5112 1624 5166 sunt
1638 5107 1690 5164 illa
1710 5109 1834 5165 tortasse
1849 5108 1885 5166 de

181 5197 1007 5274 noudesperandnmlilsscpestisHomerumjampridsm
1062 5200 1219 5256 criminum
1235 5196 1415 5254 occultorum
1438 5197 1640 5268 castigatione,
1669 5197 1763 5270 doque
1792 5197 1887 5254 torma

181 5291 225 5346 ita
239 5291 474 5360 persuaserat,ut
489 5289 578 5344 Arato
599 5289 770 5360 quaerenti«
798 5289 847 5346 ubi
875 5290 1006 5347 locorum
1062 5287 1205 5344 Dominioi
1222 5286 1321 5343 vultus
1336 5303 1369 5343 ao
1386 5287 1421 5342 de
1436 5284 1565 5343 lucernis
1581 5301 1632 5356 por
1647 5285 1724 5342 diem
1742 5287 1885 5359 ascensis,

179 5379 343 5436 baberetur
356 5375 468 5434 illiadis
482 5375 611 5450 pristinas
626 5375 721 5449 copia,
735 5398 748 5428 e
763 5377 909 5435 Timarobi
928 5378 1007 5436 lilius
1062 5391 1095 5431 ea
1110 5374 1153 5430 sio
1173 5375 1266 5448 accipi
1281 5375 1399 5443 debent,
1411 5379 1553 5448 tauquam
1569 5373 1758 5448 Septimianis
1773 5376 1886 5448 opinio·

179 5469 290 5526 Timon
320 5483 388 5526 cum
410 5465 637 5540 respondisset:
668 5468 857 5538 querendam
882 5485 946 5526 esse
975 5469 1006 5524 in
1062 5464 1150 5520 nibus
1178 5464 1376 5537 despiciendis
1399 5463 1624 5534 animadverea;
1650 5463 1884 5522 minimeautem

179 5635 288 5692 domm
317 5630 482 5690 Richelium
510 5646 546 5687 ex
574 5645 677 5687 novem
703 5628 803 5687 libmr.
824 5631 951 5688 editione
979 5647 1007 5688 a.
1062 5627 1238 5686 teminorum
1267 5626 1376 5685 codicis
1404 5626 1514 5684 laudati
1545 5625 1763 5683 auctoritatein
1789 5641 1881 5682 unum

181 5703 349 5766 trouxxut
362 5703 454 5777 repeti
468 5702 586 5760 dicitur.
598 5701 759 5758 Sasosusrr.
1062 5703 1189 5758 duorum
1204 5699 1348 5758 librorum
1362 5703 1520 5758 tractatum
1532 5699 1653 5770 redegit.
1667 5697 1832 5756 Soaosuru.

216 5777 277 5852 (50)
290 5775 402 5850 Nempe
415 5773 532 5833 libellos
548 5773 584 5832 de
598 5771 705 5832 Habitu
717 5771 852 5831 muliebri
868 5777 897 5830 st
919 5771 1007 5832 Cultu
