4050 6186
181 391 239 454 187
716 391 979 454 DISSERTATIO
1001 389 1052 452 Did
1074 391 1181 452 VERA
1203 389 1345 452 AETATE
1825 387 1886 447 188

181 529 195 598 ἓ
210 526 253 584 11.
270 525 428 583 -dibmm
442 525 477 584 ad
492 526 639 599 Scapulam
667 525 717 582 aad
748 526 864 583 initiam
893 526 1006 598 impera
1021 526 1048 595 A
1063 526 1140 598 quod
1156 525 1352 599 Hieronymus
1366 525 1410 597 <de
1421 524 1501 583 'Visis
1528 521 1694 590 illustr-ibas,
1722 539 1749 579 o.
1770 519 1817 594 73,
1838 525 1884 582 ad.

217 597 350 656 1111θηῖ111
368 599 516 668 Caracalli,
540 601 571 658 Α·
588 599 663 656 CCXI
674 597 812 672 ll⁰dll⁸⁸⁶
822 597 965 671 immul-
1061 616 1185 686 Febris,
1202 633 1230 688 p.
1249 616 1310 690 126)
1326 614 1539 674 Tertullianum
1554 613 1633 671 ultra
1649 612 1787 671 Antonini
1807 617 1886 670 tem·

214 707 339 765 Ultimus
355 705 430 764 liber
443 706 533 778 hujus
549 706 676 779 generis,
692 709 720 762 at
741 705 816 762 sorte
835 705 919 762 oredo
942 721 1005 762 om·
1060 722 1133 779 pora
1147 705 1326 764 nonaidiese
1342 707 1429 774 dicat,
1454 705 1543 763 nullae
1570 707 1710 779 praterea
1734 719 1828 776 usqua
1847 703 1885 760 ed

181 795 264 853 nium
278 794 460 866 Tertulliani,
477 796 662 869 ustisquem
691 793 810 868 scripsit
832 795 869 852 ed
898 795 1006 868 Scapu·
1061 793 1574 870 Deciumadversusomnisganeris
1596 791 1885 851 christiannsinimi-

178 884 248 955 lam,
262 886 361 943 Africa
375 885 549 959 presidem3
566 885 653 958 cujus
670 883 1005 942 adversuschristianoe
1061 883 1135 940 citis
1146 885 1328 958 reperiantur
1340 885 1409 960 (28),
1424 885 1541 959 etquod
1557 901 1625 942 oum
1648 881 1791 942 Caracalli
1808 886 1885 940 mm·

180 974 601 1048 crudelitassinadnbiopcst
619 973 917 1048 Severiimperatoria
943 971 1005 1030 edi·
1060 974 1257 1047 poribusheo
1287 993 1350 1050 qaae
1378 975 1617 1034 traditasuntin
1647 978 1747 1030 nostro
1774 970 1884 1038 libello,

180 1067 260 1121 otram
274 1062 396 1121 exstitit.
407 1062 471 1119 Fuit
485 1063 562 1121 enim
578 1063 845 1136 Hilarianus,aujus
859 1063 890 1120 in
905 1067 1005 1120 nostro
1062 1065 1173 1137 optime
1187 1064 1383 1122 consentiant.
1399 1065 1528 1124 Tametsi
1543 1063 1622 1122 anim
1637 1080 1694 1121 nou
1719 1062 1758 1119 eit
1783 1061 1885 1119 certis·

180 1152 280 1209 libello
321 1153 499 1210 mentionem
529 1153 731 1212 Tertullianus
764 1153 870 1226 injicit,
900 1153 1004 1210 Alrica
1062 1151 1345 1228 simeaxploratum,
1370 1171 1428 1229 quo
1456 1171 1533 1212 anno
1562 1158 1623 1210 bac
1651 1149 1885 1224 [christianornm

179 1259 285 1316 preses
301 1260 334 1300 eo
349 1249 491 1317 ternpore,
508 1261 567 1318 quo
582 1245 717 1303 Felicitas
733 1262 766 1302 aa
781 1248 923 1317 Perpetua
938 1259 1006 1300 cum
1062 1243 1192 1301 defensio
1207 1244 1356 1302 elaborata
1376 1245 1424 1316 sit,
1436 1248 1536 1301 tamen
1547 1243 1660 1312 ratione
1676 1242 1804 1315 quadarn
1817 1257 1886 1314 pro·

178 1333 267 1389 suciis
283 1333 344 1390 suis
355 1334 442 1390 morti
456 1334 569 1391 tradita
584 1338 664 1403 snut,
681 1351 770 1408 quam
784 1338 851 1408 post
879 1332 958 1406 leges
989 1349 1007 1390 a
1062 1331 1165 1402 babili,
1182 1339 1214 1392 ut
1227 1339 1273 1391 ast
1286 1334 1317 1390 in
1333 1333 1384 1391 tali
1400 1350 1442 1405 re,
1458 1334 1553 1406 primo
1564 1328 1884 1405 imperiiAntoniniaui

179 1421 533 1481 Severolatasaocidisea
562 1441 664 1481 omnes
694 1425 881 1482 confitentur.
913 1424 1006 1496 Atque
1061 1437 1139 1479 anno
1153 1420 1295 1480 vindicari
1310 1439 1344 1480 ea
1372 1436 1458 1495 poseo
1486 1421 1612 1478 videtur·
1637 1420 1775 1490 Namque
1797 1414 1883 1472 illum

178 1527 214 1567 ex
228 1509 265 1568 iis
280 1511 364 1585 ipsis,
381 1513 490 1585 quibus
504 1514 659 1587 Scapulam
676 1514 774 1586 arguit
790 1529 912 1570 summa
926 1512 1005 1585 inju·
1061 1511 1131 1568 selis
1142 1511 1384 1585 delectumquem
1392 1510 1591 1568 Tertullianus
1600 1509 1642 1566 ait
1651 1522 1728 1566 anno
1740 1503 1885 1579 superiori

177 1599 275 1673 stitia,
291 1601 726 1676 existimans(cap.t.)potaisae
739 1619 801 1660 eam
816 1603 905 1674 officio
920 1603 1007 1675 juris·
1060 1601 1210 1658 exstitisse
1222 1601 1260 1674 (a.
1276 1601 1314 1674 3).
1337 1597 1502 1660 Antoninus
1527 1599 1666 1656 Lalovere
1692 1596 1821 1656 asseruit
1846 1599 1882 1650 A.

178 1689 307 1747 dictionis
329 1692 826 1764 enesaunt,ettamunitutistamen
836 1691 1006 1761 meminisse,
1061 1688 1126 1745 CCX
1142 1691 1210 1763 (29).
1225 1692 1278 1747 Cui
1302 1689 1437 1765 quemvis
1466 1687 1671 1747 Tillemontius
1695 1687 1815 1744 resistet
1838 1699 1884 1751 so,

178 1795 240 1835 cam
254 1779 327 1836 nibil
343 1779 464 1853 amplias
475 1781 633 1853 mentimur,
645 1798 732 1854 qaam
746 1786 873 1838 nocentes
901 1783 1006 1851 conlea-
1061 1779 1139 1850 quod
1155 1779 1352 1836 Tertullianus
1367 1783 1452 1837 sotem
1465 1777 1638 1844 nixarianoa
1651 1777 1769 1850 potuisse
1784 1774 1836 1830 boe
1848 1789 1885 1828 en

177 1884 221 1925 aas
235 1868 380 1936 damnare,
394 1874 525 1942 necantes
538 1877 633 1927 uatem
649 1869 683 1927 nd
708 1877 844 1927 larinenta
858 1884 985 1926 reuocare
993 1883 1005 1931 ,·
1020 1901 1043 1969 Β
1060 1867 1203 1925 ordinario
1215 1869 1335 1942 deliquio
1344 1871 1415 1940 poti,
1430 1884 1492 1925 cum
1501 1869 1587 1940 suerit
1602 1868 1633 1923 in
1645 1881 1697 1922 sao
1726 1864 1884 1936 hypsomate

179 1957 264 2014 exiis
294 1958 400 2027 verbis,
422 1958 554 2032 inquam,
584 1959 662 2016 baud
693 1959 816 2017 obscure
844 1958 1002 2032 colligitur,
1056 1952 1881 2030 postteatsmsuhuneSeptimiiargumentandimodum,

177 2052 242 2102 tum
255 2046 402 2104 exstitisse
417 2047 496 2121 leges
522 2049 665 2121 quasdam
693 2049 803 2118 Severi,
827 2045 1002 2105 Christiania
1057 2047 1107 2118 qui
1123 2048 1224 2105 omnia
1237 2047 1318 2103 novit
1332 2047 1440 2119 sepius
1455 2047 1555 2118 inepta
1569 2045 1642 2101 eatis
1656 2043 1687 2100 in
1705 2058 1766 2098 rem
1792 2054 1877 2098 suam

167 2134 324 2204 inimices.
336 2135 401 2192 Iste
416 2137 494 2192 enim
511 2141 669 2210 antequem
685 2137 769 2194 editu
785 2142 878 2206 erent,
901 2134 1002 2210 praesi·

178 2226 289 2298 dasque
303 2225 429 2299 agebant
448 2242 548 2283 aarum
564 2227 707 2284 duntaxat
733 2227 916 2299 anctoritate,
939 2225 1002 2298 qul·

178 2313 315 2371 basolim
344 2315 537 2388 Imperatores
563 2316 781 2390 exagitaverant
807 2316 1001 2384 Christianos,

180 2406 320 2461 adversus
333 2404 393 2461 vim
408 2420 509 2462 earum
531 2405 730 2464 Tertullianus
754 2406 943 2480 vehementer
971 2405 1001 2460 in

181 2494 351 2566 Apotapetico
366 2493 509 2567 disputat.
525 2494 597 2552 Leve
616 2495 671 2552 hoc
686 2496 816 2569 {quidem
845 2495 1000 2564 ridebitur,

179 2598 273 2654 neque
296 2581 414 2657 proprio
440 2584 568 2653 quodam
596 2589 769 2659 argumento
798 2589 904 2658 egeret,
944 2583 1001 2640 nisi

180 2670 327 2728 Pameliue
343 2671 387 2745 (ln
406 2674 472 2730 aaa
486 2673 611 2746 Tertnlt,
626 2691 656 2746 p.
674 2675 717 2743 13,
734 2674 787 2747 (1.),
811 2690 881 2730 ann.
898 2672 999 2745 CXCV,

178 2757 257 2815 hune
277 2759 387 2816 librum
415 2761 630 2835 assignandum
659 2767 817 2836 putasset;
840 2763 1000 2835 quiquam

177 2846 279 2905 leviter
293 2849 498 2922 disputaverit,
519 2851 585 2923 ipse
606 2853 694 2909 verba
717 2853 822 2910 docent
837 2852 945 2924 quibus
969 2867 1000 2908 ee

177 2934 379 2994 aitinduatum
394 2941 425 2995 ut
439 2938 481 2994 ita
500 2939 632 3007 sentiret,
659 2939 684 2996 si
707 2941 826 3013 quidem
843 2939 1000 2997 Tertullia-

177 3041 234 3081 nus
249 3029 277 3082 et
291 3025 466 3084 Albinienoe
482 3029 647 3086 numeravit
660 3029 691 3085 in
715 3030 850 3087 hostibus
876 3028 1000 3102 impera-

177 3114 251 3170 toris
265 3113 340 3188 (cap.
356 3115 395 3188 2).
410 3113 475 3172 lam
492 3115 516 3172 ei
532 3133 633 3174 verum
649 3117 750 3186 estid,
774 3118 828 3175 has
850 3117 999 3174 calamita·

175 3205 230 3274 tes,
247 3205 355 3274 quibus
383 3204 511 3278 Scapula
533 3206 715 3264 Christianos
752 3206 914 3265 insectatus
942 3209 996 3275 ast,

1056 2137 1306 2208 converterajam
1318 2136 1430 2193 dadum
1447 2133 1550 2191 derisit
1573 2132 1679 2189 berum
1698 2147 1796 2188 rerum
1825 2144 1879 2200 pe·

1055 2223 1216 2283 ritissimus
1226 2224 1356 2299 Scaliger
1370 2224 1573 2294 (Animaduere.
1584 2221 1620 2278 ad
1633 2220 1745 2278 dasedii
1763 2217 1879 2274 Cironi-

1055 2329 1117 2370 ccn.
1132 2332 1161 2387 p.
1179 2315 1234 2388 10).
1258 2314 1369 2372 Deinde
1390 2329 1458 2370 oum
1487 2311 1600 2368 nullam
1629 2326 1761 2382 unquam
1784 2307 1879 2380 legem

1055 2401 1224 2461 Caracallus
1239 2402 1341 2460 tulerit
1370 2403 1512 2459 adversus
1539 2398 1732 2470 Christianos,
1766 2399 1882 2470 oportet

1055 2493 1185 2564 prolecto
1200 2492 1254 2548 hee
1266 2492 1448 2549 calamitates
1458 2491 1494 2547 iis
1505 2508 1522 2547 a
1535 2487 1793 2563 Scapuleindiotas
1810 2483 1880 2541 rali-

1055 2581 1141 2653 quias
1171 2580 1335 2638 Severiana
1358 2578 1540 2638 crudelitatis
1568 2579 1671 2649 laissa,
1709 2593 1773 2649 que
1814 2577 1879 2630 tum

1055 2671 1174 2743 penitus
1192 2671 1343 2728 exstincte
1358 2670 1504 2741 videntur,
1519 2684 1587 2726 cam
1617 2664 1793 2736 Caracallus,
1822 2664 1880 2718 im-

1055 2759 1171 2832 parium
1195 2759 1252 2817 sibi
1280 2759 1519 2828 confirmaturus,
1549 2758 1579 2815 in
1608 2755 1743 2814 exsilium
1770 2752 1879 2809 missos

1055 2849 1272 2920 revocassetW.
1289 2849 1410 2906 itionem
1435 2848 1580 2918 cassium,
1609 2846 1659 2902 tib.
1690 2843 1820 2910 LXXVII,
1850 2857 1876 2897 o.

1053 2936 1092 3009 3).
1109 2939 1191 3005 Quod
1219 2954 1288 2994 cum
1321 2937 1421 2995 lecerit
1449 2936 1537 3009 paulo
1570 2939 1647 3009 poet,
1665 2937 1761 3007 lquem
1776 2935 1878 2988 Getam

1054 3024 1174 3082 fratrem
1190 3026 1245 3082 sub
1267 3026 1383 3083 initium
1404 3043 1474 3083 eun.
1503 3025 1595 3082 ccxii
1619 3022 1791 3090 sustulerat,
1817 3037 1877 3076 uon

1053 3114 1152 3187 inepte
1167 3115 1195 3171 id
1212 3115 1332 3188 quidem
1353 3115 1496 3182 dicimus;
1525 3112 1684 3188 Scapulam
1699 3127 1768 3170 aun.
1788 3109 1878 3178 ccxi,

1054 3202 1200 3260 adversus
1214 3203 1396 3261 christianos
1411 3204 1517 3278 agisse.

176 3291 352 3364 posteriores
367 3309 432 3350 esse
446 3294 546 3352 Severi
568 3295 641 3368 lege,
658 3311 714 3352 non
728 3294 826 3352 minus
851 3311 885 3352 aa
910 3294 997 3351 intel·
1014 3269 1036 3338 G
1333 3309 1529 3369 Afl'rlcuws
1549 3313 1596 3366 lv.

175 3377 718 3457 liduflllfffflssssm‘lTuld0ffl30l0l⁰
743 3401 800 3441 ⁰⁰¹¹
829 3382 998 3458 ⁰⁰¹²llssi¹⁸02
1054 3401 1091 3456 lie
1106 3400 1186 3457 tibris
1201 3397 1379 3468 Tertulliani,
1415 3415 1512 3458 aarum
1528 3398 1573 3456 aet
1592 3397 1878 3470 staaaelduetrina,

176 3469 254 3540 quod
271 3473 370 3527 tamen
384 3471 468 3529 video
485 3472 631 3546 placuisse
652 3473 843 3547 quibusdam.
868 3473 941 3530 Nem
969 3472 999 3528 in
1364 3417 1623 3545 seleucianae.

176 3557 282 3616 0⁰¹⁰0⁰
298 3559 342 3632 (dl
369 3561 472 3628 Ραῑῑῑθι
501 3577 527 3617 ⁰·
557 3561 596 3634 4,)
622 3562 670 3618 Ubi
701 3561 1001 3618 Tfltlulllflfflssslss·
1053 3579 1109 3650 §A
1135 3610 1170 3621 -
1194 3580 1290 3636 Tertia
1308 3579 1403 3635 ctaesia
1427 3578 1566 3634 librorum
1592 3575 1772 3646 Tertulliani,
1801 3587 1878 3646 qaus,

177 3662 241 3703 ram
257 3647 337 3716 dicit,
354 3654 460 3722 putrem
475 3650 619 3720 Antoniani,
645 3649 869 3708 Christianorum
898 3665 999 3707 memo·
1089 3652 1215 3722 quamuis
1234 3653 1352 3708 incense
1365 3653 1458 3708 ema
1471 3655 1547 3718 sant,
1564 3654 1655 3705 tomen
1669 3652 1785 3716 mactat,
1808 3661 1878 3702 scm·

176 3738 343 3809 remsniasc,
381 3741 526 3812 ipsamque
546 3739 727 3806 Antoninum,
747 3740 816 3796 tacte
839 3739 1000 3796 Christiano
1087 3725 1147 3794 P²0⁸
1162 3733 1227 3782 “⁷⁸⁸0
1240 3724 1302 3795 ‘lili
1317 3723 1603 3794 ‘lllwll'll'l‘mlllssiffl

174 3824 331 3896 educatam,
347 3828 628 3894 nauaael‘rucatam,
644 3827 721 3884 dicat
736 3826 810 3883 mihi
840 3826 918 3900 quie,
948 3843 1001 3883 our
1088 3829 1186 3886 Tertia
1205 3829 1267 3885 hac
1289 3826 1450 3901 disputatio
1472 3828 1561 3884 tinam
1576 3827 1665 3884 iaciat
1693 3823 1877 3882 exercitatio·

175 3913 312 3970 Severum
338 3921 452 3988 patrem
478 3914 619 3972 Antonini
635 3914 833 3989 appellaverit,
857 3915 933 3988 qaod
963 3915 1000 3971 ad
1054 3913 1878 3991 num,quasinstituimus,Septimianarum3inquibus

174 4019 234 4060 rem
251 4020 322 4062 eane
336 4021 393 4063 non
409 4005 585 4079 pertinebat,
602 4011 717 4064 auteur
745 4006 845 4080 ipsum
874 4006 1000 4062 Antoni·
1053 4023 1121 4064 oum
1147 4006 1290 4064 hacteuus
1313 4007 1481 4079 pertractati
1505 4006 1565 4062 sint
1579 4006 1629 4063 isti
1642 4003 1720 4074 libri,
1749 4019 1878 4076 quornm

174 4096 293 4152 named
309 4097 514 4153 testimonium
529 4096 673 4168 citaverit,
699 4096 757 4154 nisi
785 4097 846 4154 beo
875 4096 928 4153 boo
957 4113 1000 4152 re·
1054 4099 1209 4152 atataset
1228 4094 1489 4166 doetrinapoterat
1517 4097 1596 4150 carta
1619 4094 1745 4164 quedam
1774 4093 1821 4148 via
1850 4095 1880 4148 et

175 4186 284 4254 guenta
298 4183 408 4256 scripta
421 4184 492 4240 sint.
507 4185 605 4256 Neque
618 4199 686 4241 vero
701 4200 735 4241 aa
749 4184 785 4240 de
801 4201 831 4242 re
864 4185 999 4241 dubitan·
1053 4184 1166 4241 ratione
1182 4183 1470 4252 demonstrari,nuuo
1485 4187 1599 4256 oportet
1614 4181 1720 4254 subjici
1746 4185 1879 4249 cataros,

177 4270 303 4330 dumest
317 4276 478 4345 propterea,
506 4275 582 4330 ud
597 4273 676 4346 quod
703 4271 800 4329 nullos
821 4272 999 4330 christiano·
1054 4276 1104 4346 qai
1120 4276 1234 4329 etatem
1246 4288 1330 4330 snam
1350 4273 1422 4330 ua
1440 4288 1498 4328 non
1513 4271 1715 4329 satisdalrnita
1737 4270 1879 4343 produnt,

177 4377 243 4416 rum
258 4361 404 4418 cruciatus
430 4362 485 4418 snb
510 4361 651 4418 Caracallo
677 4361 840 4434 reperimus
868 4363 904 4418 ab
932 4360 999 4417 aliia
1053 4363 1103 4420 aad
1119 4362 1251 4418 doctrina
1278 4365 1455 4418 tamennon
1485 4365 1530 4417 est
1549 4361 1710 4418 admodum
1738 4360 1878 4432 obscura.

176 4448 371 4520 scriptoribus
386 4451 521 4522 traditos,
538 4455 590 4508 aut
605 4450 682 4522 quud
697 4450 787 4508 etiam
811 4450 832 4506 ii
860 4450 1000 4508 Caracalli
1052 4450 1348 4522 nisiinquibusdam
1365 4447 1478 4522 paucis,
1502 4449 1554 4521 qui
1583 4449 1740 4523 ancipitem
1769 4448 1881 4506 habere

174 4541 526 4611 temporepoeauntesee
548 4539 737 4613 posteriores.
766 4539 889 4610 Etenim,
918 4540 997 4613 quod
1053 4542 1177 4599 lormam
1192 4541 1339 4598 videntur.
1354 4542 1454 4612 ltaque
1467 4543 1594 4614 primum
1605 4539 1671 4597 illos
1684 4539 1879 4597 excitabimus

174 4627 224 4684 isti
240 4629 353 4685 nemini
368 4629 417 4685 alii
434 4631 653 4688 commemorati
669 4631 738 4702 sint,
752 4632 816 4703 ejus
844 4635 889 4688 eet
918 4629 997 4687 haud
1012 4639 1036 4704 D
1051 4634 1138 4687 aetate
1153 4629 1290 4702 majores,
1307 4630 1358 4703 qui
1377 4629 1592 4688 Tertullianum
1617 4630 1778 4688 ostendunt
1803 4645 1879 4687 non-

174 4716 262 4774 dubie
285 4718 469 4791 ratioeliqua
497 4719 586 4788 ineo,
610 4721 688 4792 quod
716 4719 760 4775 illi
788 4719 918 4789 necdiu,
944 4737 998 4778 neo
1051 4721 1125 4777 dam
1149 4717 1235 4791 plane
1264 4719 1510 4777 Montanistarum
1539 4719 1673 4793 pertibus
1700 4717 1877 4788 addictum

173 4805 230 4863 nisi
245 4805 701 4883 inAlriuaexstiterintNamque
712 4809 908 4868 Tertullianus
919 4827 998 4868 nano
1051 4807 1150 4865 deinde
1176 4824 1236 4872 eos.
1265 4809 1374 4880 quibus
1401 4813 1475 4865 note
1503 4807 1691 4866 Montauiemi
1719 4824 1777 4864 uon
1805 4809 1879 4864 sunt

173 4895 465 4970 quidemspreside
480 4897 604 4972 legionis
619 4903 648 4956 et
661 4899 831 4956 Mauritans
857 4899 928 4956 dicit
955 4900 997 4956 is·
1051 4899 1155 4956 leviter
1180 4899 1351 4972 impresse;
1378 4910 1518 4974 postremo
1557 4898 1622 4971 bna,
1652 4899 1704 4972 qni
1732 4897 1873 4955 lectorem

174 4982 288 5042 milium
313 4985 539 5044 christianorum
569 4988 751 5062 impugnari,
781 4987 998 5062 Scapulamque
1053 4989 1208 5046 dimittunt
1222 4989 1417 5056 dubitantem,
1431 4987 1556 5045 tueritne
1570 4986 1771 5045 Tertullianus
1799 4992 1877 5055 tum,

174 5073 268 5146 petiit,
285 5079 317 5132 ut
332 5073 618 5151 saltemcsrthsgiui
646 5080 747 5150 percat
774 5081 804 5135 et
830 5078 996 5150 provinciae,
1052 5093 1120 5135 cum
1135 5076 1202 5134 illos
1217 5078 1429 5150 prascriperet,
1455 5076 1646 5134 auommuni
1674 5075 1805 5133 Ecclesia
1833 5091 1879 5132 se·

174 5161 310 5235 Arriique
325 5165 466 5222 Antonini
481 5165 647 5238 exemplum
663 5166 804 5236 imitetur,
822 5166 871 5237 qni
887 5166 917 5222 in
930 5165 999 5223 Asia
1049 5167 1182 5240 junctus,
1198 5167 1311 5224 neena?
1328 5166 1381 5223 Cui
1394 5165 1503 5240 triplici
1519 5164 1661 5223 librorum
1678 5165 1878 5239 Septimiana-

172 5249 243 5306 olim
272 5251 450 5310 christianos
483 5259 634 5312 avocasset
651 5253 789 5327 potiusa
817 5254 997 5313 cruciatibus
1051 5272 1119 5314 rum
1133 5256 1234 5329 generi
1247 5271 1316 5314 oum
1328 5256 1463 5312 dicamus
1480 5259 1595 5312 etatem
1615 5255 1781 5312 asserinon
1802 5253 1877 5312 satis

173 5355 262 5410 quam
292 5342 329 5396 ad
352 5341 499 5415 supplicia
522 5342 721 5416 pertraxisset.
749 5343 805 5399 Eos
830 5347 927 5400 autem
944 5359 999 5402 neo
1051 5349 1129 5402 certe
1143 5360 1302 5418 possa,nau
1317 5343 1454 5400 volumus
1469 5343 1498 5400 id
1514 5343 1644 5416 quidem,
1657 5359 1778 5417 prorsus
1792 5342 1876 5415 igno-

170 5427 417 5487 tuiseacaraoatli
446 5434 577 5505 tempora
600 5430 776 5504 posteriores
800 5447 835 5489 eo
859 5433 996 5508 efficitur,
1052 5433 1238 5491 serietatem
1255 5433 1348 5490 cnivis
1364 5433 1552 5491 tribuendam
1574 5433 1642 5506 (erit
1663 5432 1742 5492 enim
1773 5433 1877 5503 etiem,

207 5589 264 5662 (28)
280 5588 339 5647 liou
353 5590 425 5648 satis
441 5590 582 5648 adversus
596 5589 776 5662 scaligerum
791 5552 996 5668 aliosqaetda·
1050 5596 1128 5650 Patr.
1144 5593 1285 5651 Possinue
1298 5594 1328 5650 in
1344 5594 1422 5652 notis
1436 5595 1472 5652 ad
1486 5597 1558 5652 Acta
1572 5598 1718 5669 Perpetua
1747 5600 1777 5654 at
1798 5593 1876 5651 Fali-

171 5662 266 5718 tendit
284 5661 363 5719 Sam.
379 5662 543 5737 Basuagius
554 5663 574 5720 l.
587 5679 612 5718 a.
628 5679 658 5735 p.
670 5661 733 5730 218,
749 5679 778 5720 u.
791 5665 835 5721 11.
1051 5665 1160 5734 citatis,
1172 5666 1203 5722 in
1218 5665 1352 5725 Ruinerti
1367 5667 1445 5726 Antis
1459 5669 1623 5742 primorum
1639 5673 1802 5743 martyrum
1815 5665 1877 5726 ain·

209 5733 265 5808 (29)
282 5735 316 5792 tn
330 5733 415 5809 epist.
438 5735 475 5794 ad
502 5733 547 5794 tu.
572 5733 735 5794 Bessorum
771 5750 861 5811 quam
902 5735 995 5796 edidit
1049 5736 1439 5811 animumstabilem,
1455 5738 1583 5814 pura
