4152 6192
136 343 214 404 stit
282 339 286 348 “
654 335 773 398 staua
792 335 820 398 11
842 337 894 398 DS
914 335 1045 402 cuerit
1066 335 1317 400 sublucenti.
1764 340 1843 402 sita

72 465 75 474 '
135 477 187 532 aut
213 469 381 528 imbecillus
413 468 521 542 aliquis
554 485 589 526 ox
617 467 757 524 iratribus
787 466 961 536 visitandus,
976 470 1004 540 Α
1020 468 1066 525 nis
1088 469 1112 505 ¹⁸
1132 473 1162 525 at
1184 467 1397 527 matronalibus
1423 471 1635 529 decoramentis
1660 473 1844 541 evomebant,

135 566 186 620 aut
201 559 378 634 sacrilloium
398 559 518 616 ollertur
543 558 609 629 (97),
633 561 685 614 aut
701 556 749 614 liei
773 559 894 615 verbum
910 559 961 614 ad·
1014 557 1077 628 jam
1106 561 1183 614 certe
1205 557 1304 614 seculi
1332 557 1508 631 improbitas
1532 561 1662 634 quotidie
1687 563 1844 636 insurgens

136 651 331 708 ministratur.
358 647 479 716 Quidvis
493 647 599 704 horum
625 645 777 720 gravitatis
801 650 830 702 et
853 645 962 704 sancti·
1018 646 1237 704 honestissimis
1262 647 1430 721 quibusque
1456 649 1571 706 leminis
1596 667 1690 722 usquc
1714 652 1749 708 ad
1766 669 1845 709 erro-

135 740 206 798 tatis
231 736 394 812 negotium,
414 741 443 793 et
467 736 513 792 eui
537 752 612 810 opus
639 753 697 791 non
721 734 760 792 sit
783 734 886 792 habitu
911 752 963 792 ex·
1018 753 1079 792 ram
1096 736 1288 810 dignoscendi
1310 738 1491 810 coequavit;
1517 756 1685 813 quanquam
1701 739 1846 800 lenocinia

135 828 332 886 traordinario
353 831 383 883 et
406 826 568 897 composito
591 829 619 882 at
641 822 737 881 soluto
751 824 784 878 ¹¹.
811 827 850 880 ho
871 825 897 880 si
912 841 963 881 ne·
1018 825 1117 881 torma
1135 842 1284 898 nunquam
1302 843 1358 882 non
1385 827 1544 898 prostituto
1560 830 1673 902 corpori
1689 831 1846 902 conjuncta

136 919 260 975 cessitas
281 915 481 972 amicitiarum
496 913 719 984 officiorumque
740 910 895 986 gentilium
912 929 964 970 voa
1016 919 1045 970 at
1059 914 1158 970 debita
1181 914 1269 970 eliam
1294 913 1449 987 Scriptura
1465 921 1639 989 suggerunt.
1664 917 1716 974 Ille
1741 918 1845 977 civitas

135 1013 230 1076 vocat,
252 1022 304 1061 cur
328 1021 386 1060 non
409 1001 516 1060 vestris
541 1001 757 1059 armisindutas
781 1001 964 1075 proceditis?
1018 1001 1124 1072 valida,
1155 1020 1218 1076 que
1247 1019 1335 1075 super
1364 1009 1475 1079 septem
1502 1010 1615 1062 montes
1642 1011 1671 1063 et
1699 1007 1845 1079 plurimas

136 1100 220 1154 tauto
245 1093 350 1167 magis,
375 1096 485 1165 quanto
508 1091 545 1148 ad
571 1095 725 1147 extraneas
750 1089 842 1146 lldei‘l
866 1094 899 1147 ut
927 1091 966 1148 sit
1019 1109 1111 1164 aquas
1137 1091 1282 1164 presidet,
1303 1109 1369 1150 oum
1397 1095 1559 1166 prostitutae
1585 1094 1847 1170 appellaticnamn

138 1185 216 1242 inter
231 1181 353 1240 ancillas
368 1179 478 1238 diaboli
502 1182 532 1236 et
555 1178 605 1235 bei
628 1178 801 1246 discrimen,
817 1184 851 1236 ut
865 1196 962 1236 exem·
1022 1179 1142 1238 Domino
1172 1181 1329 1239 meruisset
1353 1183 1386 1252 ¹⁵,
1415 1183 1494 1255 quali
1523 1183 1626 1240 babitu
1656 1184 1846 1258 appellationi

138 1269 538 1347 ploaitisillia,ot1880
562 1267 744 1324 edificentur
766 1267 963 1339 inachiaut,
1020 1287 1080 1327 sum
1105 1275 1276 1343 comparata
1299 1271 1369 1328 esti
1392 1271 1479 1328 Sedet
1508 1276 1584 1329 certe
1607 1272 1637 1328 iu
1664 1289 1795 1346 purpura
1818 1277 1847 1332 et

138 1361 285 1435 quomodo
301 1359 342 1416 ait
356 1358 525 1430 Apostolus,
542 1356 747 1430 magnificetur
762 1357 838 1414 Deus
853 1355 883 1414 in
898 1373 965 1414 cor·
1020 1359 1137 1416 coccino
1152 1363 1181 1416 et
1195 1376 1266 1416 auro
1277 1364 1306 1416 et
1318 1360 1417 1433 lapide
1429 1360 1566 1433 pretioso.
1579 1364 1672 1428 Quam
1689 1362 1846 1420 maledicta

138 1467 208 1526 pora
222 1453 319 1507 vestro
335 1446 472 1521 (Philipp.
488 1464 508 1514 r,
523 1447 578 1514 203
602 1451 615 1504 l
632 1444 692 1503 Cor.
710 1462 746 1515 vr,
762 1445 829 1514 20),
849 1445 966 1520 magni·
1021 1448 1174 1514 sunt,siue
1189 1447 1297 1520 quibus
1309 1466 1365 1505 nou
1378 1448 1674 1522 potuitmalcdiolact
1689 1451 1849 1522 prostituta

139 1541 358 1597 lloaturautam
383 1537 414 1592 in
438 1551 558 1608 corpore
580 1551 632 1610 per
654 1533 839 1608 pudicitiam,
864 1536 967 1608 utique
1021 1536 1175 1594 describit
1204 1537 1334 1593 Thamar
1362 1536 1414 1592 illa
1442 1537 1518 1610 (Gen.
1547 1553 1647 1606 xxvnr,
1678 1537 1711 1593 ll
1741 1540 1848 1614 seqq),

140 1633 169 1686 et
201 1645 253 1703 per
289 1625 423 1684 habitum
461 1623 609 1698 pudicitia
647 1627 873 1696 competentem.
911 1624 966 1680 ssd
1021 1624 1320 1700 quiaeeexpinxerat
1343 1629 1371 1681 et
1395 1629 1562 1693 ornaverat,
1579 1624 1849 1684 idcircoludassu·

140 1717 220 1776 enim
236 1715 346 1773 dicitur
369 1732 387 1772 a
405 1713 595 1787 quibusdam,
612 1729 648 1769 ne
672 1712 893 1786 blasphematur
914 1728 967 1769 oo·
1022 1713 1153 1786 apiclcue
1168 1713 1230 1770 visa
1253 1717 1299 1770 est
1322 1714 1448 1786 questui
1465 1713 1520 1788 (98)
1536 1716 1659 1783 aedere;
1684 1717 1768 1787 adeo,
1783 1717 1851 1787 quia

141 1823 209 1864 men
225 1806 290 1877 ojus
303 1805 339 1872 in¹
350 1802 436 1860 nobis
452 1801 693 1875 (llam.1r,2l),si
708 1801 778 1874 quid
794 1803 829 1858 de
845 1801 966 1874 pristino
983 1847 1007 1914 B
1022 1803 1078 1859 sub
1093 1801 1256 1858 velamento
1271 1801 1393 1873 latebat,
1409 1803 1528 1859 babitus
1543 1803 1684 1874 qualitate
1698 1809 1849 1876 quastus·

142 1893 246 1952 habitu
261 1898 290 1949 et
304 1891 385 1948 cultu
401 1891 602 1948 detrahamus.
627 1890 691 1946 Non
715 1889 883 1947 auferamus
898 1906 967 1964 ergo
1022 1891 1096 1948 riom
1113 1892 1211 1948 1881
1233 1891 1393 1948 mentiente
1408 1891 1475 1964 (99),
1502 1895 1531 1948 et
1547 1892 1626 1956 lecit,
1652 1896 1685 1947 ut
1699 1897 1851 1964 quastus·

141 1982 228 2040 nobis
244 1984 273 2039 at
286 1980 358 2036 vitia
371 1979 542 2054 pristina”‚
558 1979 693 2036 simusct
707 1978 838 2035 moribus
849 1979 967 2045 iisdem,
1022 1981 1096 2036 riam
1125 1983 1154 2038 et
1181 1978 1273 2036 voluit
1300 1984 1330 2036 et
1355 1978 1542 2052 compellavit
1567 1985 1597 2037 et
1624 1986 1727 2054 pactus
1756 1984 1847 2039 est¹⁰.

142 2073 167 2129 ai
183 2074 213 2128 et
227 2069 381 2145 superlicio
399 2069 513 2138 eadem,
529 2071 558 2124 et
579 2071 650 2124 tuuc
671 2083 737 2124 vere
751 2084 808 2125 non
832 2067 967 2140 blaspbe·
1022 2069 1104 2126 Unde
1128 2069 1311 2126 addiscimus
1340 2069 1480 2126 adsersus
1508 2086 1685 2142 congressus
1709 2071 1796 2128 etiam
1821 2076 1851 2129 et

142 2160 266 2219 mcbuut
279 2159 421 2216 nationes.
438 2154 564 2214 Grandis
578 2154 763 2228 blasphemia
777 2161 831 2224 est,
848 2173 907 2229 qua
922 2156 967 2212 di·
1022 2157 1206 2231 suspiciones
1230 2157 1393 2230 impudicas
1419 2157 1630 2231 providendum
1656 2159 1737 2215 omni
1761 2162 1848 2218 modo

141 2249 279 2306 catur¹⁸z
302 2249 343 2304 lix
366 2263 424 2320 quo
449 2245 525 2302 laeta
539 2249 583 2302 ast
607 2244 783 2316 Christiana,
808 2244 967 2318 pauperius
1021 2263 1096 2304 esse.
1118 2246 1193 2313 Quid
1216 2245 1294 2302 enim
1309 2250 1395 2302 casta
1421 2247 1528 2303 mentis
1552 2246 1705 2320 integritas
1729 2247 1759 2304 in
1775 2248 1847 2305 alts-

140 2337 259 2396 inocdit.
276 2336 408 2392 Timebis
428 2333 584 2407 pauperior
599 2333 702 2402 videri,
717 2349 751 2389 ex
766 2349 824 2406 quo
837 2333 966 2406 locuple·
1022 2335 1083 2390 rius
1099 2332 1268 2407 suspicione
1292 2333 1482 2391 maculatur?
1504 2335 1577 2402 Quid
1595 2340 1730 2408 speratur
1743 2334 1774 2393 in
1790 2353 1846 2410 me,

140 2421 836 2494 tioriaetacaetsordidior,exqu0mnndiori
852 2423 962 2480 Secun·
1021 2424 1098 2496 quod
1127 2423 1286 2480 adversor?
1313 2423 1388 2488 Ouid
1415 2439 1472 2480 uon
1498 2439 1596 2480 morea
1622 2439 1702 2481 meos
1726 2424 1855 2482 babitus·

140 2517 211 2572 dum
227 2512 396 2588 gentilium,
412 2511 628 2568 sesecundum
652 2510 703 2568 Dei
729 2510 966 2584 placitumlioce·
1021 2511 1203 2585 pronuntiat,
1229 2528 1266 2568 ue
1291 2511 1415 2585 spiritus
1445 2527 1496 2586 per
1520 2529 1606 2569 aures
1629 2513 1666 2569 ab
1690 2512 1848 2585 impuden-

142 2606 211 2662 dere
227 2601 411 2661 Christianos
427 2603 564 2673 oportet?
1020 2602 1062 2657 tia
1082 2600 1251 2657 vulneretur
1273 2601 1336 2672 (lli
1360 2601 1457 2658 Liceat
1479 2600 1570 2657 videri
1596 2601 1745 2675 pudicam,
1771 2607 1848 2660 certe

455 2731 573 2791 CAPUT
586 2733 647 2790 ΧΠ.
1019 2688 1200 2762 impudicam
1216 2688 1359 2746 nonlicet
1374 2689 1407 2744 ¹⁷.

174 2844 318 2918 Optemus
333 2841 535 2898 tantummodo
550 2856 587 2897 na
597 2839 688 2912 justas
702 2839 965 2914 blasphemationis
1328 2821 1442 2881 CAPUT
1457 2821 1531 2878 Xlll.

139 2949 246 2991 caussa
261 2933 366 2989 simus.
382 2931 496 2998 Quanto
512 2932 610 2986 autem
626 2929 718 3002 magia
733 2929 965 3002 blasphemabile
1055 2927 1163 3000 Aliqua
1176 2928 1299 2985 lorsilan
1309 2927 1388 2985 dicat
1399 2945 1405 2985 :
1417 2932 1480 2986 Non
1496 2932 1541 2986 ast
1558 2929 1630 2987 mihi
1646 2933 1844 2992 necessarium

139 3027 194 3090 est,
210 3023 246 3091 si,
262 3037 325 3095 quae
340 3020 507 3077 sacerdotes
521 3016 964 3092 pudicitiedieimini,impudi·
1018 3016 1190 3074 homiuibus
1219 3016 1346 3090 probari,
1375 3035 1428 3074 nee
1452 3018 1529 3075 euim
1557 3020 1759 3079 testimonium
1785 3023 1841 3086 ho·

140 3126 242 3167 aarum
269 3109 328 3165 ritu
357 3107 521 3181 procedatis
548 3106 635 3164 culta
662 3111 692 3164 et
719 3106 875 3179 expiolael
906 3110 964 3164 llut
1019 3107 1132 3162 minum
1162 3107 1297 3178 requiro;
1323 3106 1400 3163 Deua
1429 3112 1601 3179 conspector
1628 3113 1673 3167 est
1694 3112 1793 3168 cordia
1819 3113 1844 3185 (Ι

140 3199 210 3271 quid
226 3198 324 3254 minus
345 3197 455 3253 habent
476 3194 685 3252 intelicisslma
708 3195 764 3250 illm
778 3195 963 3269 publicarum
980 3211 1001 3281 C
1021 3196 1084 3262 llep.
1099 3211 1157 3263 xvi,
1173 3195 1212 3266 7).
1237 3194 1355 3251 Scimus
1380 3211 1494 3266 omnes,
1518 3214 1585 3254 oum
1601 3203 1699 3254 tamen
1714 3201 1748 3268 ¹⁸,
1771 3202 1841 3274 quid

139 3287 298 3342 libidinum
323 3283 471 3342 victime?
494 3301 567 3359 quas
589 3284 615 3341 si
629 3299 694 3356 quas
708 3282 789 3356 leges
814 3300 832 3340 a
856 3287 965 3340 matro-
1020 3283 1097 3340 idam
1123 3299 1174 3356 per
1195 3282 1368 3356 Apostolum
1390 3283 1505 3356 dixerit,
1530 3288 1719 3344 recordemur
1740 3303 1747 3348 t
1771 3289 1842 3347 Pro-

846 3400 949 3464 Varioe
962 3400 1124 3463 lectiones.

175 3521 199 3559 Ἰ
215 3521 246 3577 Α.
262 3517 390 3579 Neander
403 3517 511 3576 emend.
528 3517 593 3574 hab.
611 3517 757 3573 extraord.
773 3519 802 3572 st
816 3515 922 3583 soluto,
937 3516 989 3573 sed
1004 3515 1177 3589 composito.
1216 3515 1240 3552 ¹¹
1262 3517 1306 3574 Vn.
1322 3517 1406 3574 nobis
1429 3521 1458 3575 et
1472 3517 1571 3575 deleuit
1585 3518 1642 3591 lllp.
1680 3519 1704 3556 ‘⁸
1716 3518 1843 3578 Gelenius

140 3593 246 3666 otiique
271 3590 400 3664 blasph..
416 3591 441 3647 si
457 3606 516 3662 qua
530 3590 586 3646 dic.
603 3619 637 3630 -
649 3589 793 3645 incedere.
808 3589 871 3660 Rip.
887 3587 953 3645 blas
975 3588 1005 3644 b.
1020 3593 1076 3655 est,
1086 3606 1121 3644 ex
1136 3603 1195 3660 que
1208 3586 1264 3644 dio.
1276 3618 1311 3629 -
1325 3589 1443 3646 incedit.
1481 3590 1505 3625 ¹⁸
1518 3590 1561 3645 Aa
1577 3589 1770 3648 maritalibus.
1781 3593 1842 3665 ltip.

143 3635 340 3721 maritalibus.
378 3660 401 3698 ¹¹
417 3663 475 3734 llip.
493 3661 641 3733 presidet,
654 3661 817 3733 prostitutae
833 3605 1032 3733 appuliam.
1049 3660 1165 3718 meruit.
1180 3659 1235 3715 Sed
1271 3659 1495 3728 ualibab.,stc.
1533 3661 1843 3735 ¹‘liipadeoqueeub

141 3736 197 3792 vel.
213 3736 277 3804 lat.,
293 3736 361 3792 hab.
377 3735 456 3806 qual.
473 3735 578 3805 quast.
604 3736 707 3796 ment,
723 3736 755 3787 ut
770 3735 874 3803 quem.
901 3736 930 3787 ct
944 3730 1068 3786 uoluerit
1091 3735 1120 3788 et
1142 3675 1361 3803 compellaverit
1375 3738 1404 3789 et
1424 3738 1527 3805 pactus
1543 3733 1591 3789 sit.
1643 3734 1666 3770 ’i
1681 3735 1741 3807 llip.
1757 3735 1843 3793 eeod.

142 3807 226 3882 Apol.
241 3813 319 3866 certe
333 3805 516 3880 impudicam
531 3802 652 3862 scilicet.
690 3804 713 3839 ¹⁸
727 3805 772 3859 Fr.
787 3804 887 3860 iunias
900 3801 973 3874 coni.
990 3802 1107 3859 Scimus
1122 3819 1245 3872 omnes;
1260 3807 1461 3861 verumtamen
1477 3805 1528 3878 qui
1542 3805 1633 3877 idem,
1646 3809 1700 3863 eto.

863 3917 1127 3980 Commentarius.

179 4042 235 4127 (stt
277 4039 451 4112 Sacrificium
495 4039 620 4113 offertur.
662 4034 709 4094 Slo
751 4033 832 4106 dixit,
878 4036 965 4091 sacri-
1023 4033 1164 4104 Hebraeis,
1178 4037 1212 4090 ut
1237 4035 1404 4092 meretrices
1428 4034 1561 4107 publicas
1585 4037 1754 4095 obsiderent
1773 4037 1845 4096 vias.

142 4115 270 4186 macrum
298 4113 445 4177 orationes,
472 4110 503 4166 in
541 4107 650 4181 quibus
687 4105 799 4163 scilicet
832 4106 966 4164 euchari·
1023 4106 1104 4164 Unde
1120 4105 1191 4162 illud
1217 4105 1318 4161 lizacb.
1333 4107 1460 4163 xv12Ad
1482 4123 1563 4164 omne
1580 4111 1663 4182 caput
1684 4111 1739 4167 uiae
1757 4110 1845 4180 edili-

143 4185 219 4242 stioa
242 4183 380 4258 mysteria
400 4181 604 4256 participanda
626 4178 764 4237 tidelibus
793 4177 965 4235 alternatur.
1021 4179 1092 4234 casti
1104 4178 1215 4246 sipnum
1239 4179 1443 4248 prostitutionis
1466 4187 1541 4246 tuuc
1557 4186 1585 4236 et
1599 4180 1705 4236 ilerum
1724 4197 1730 4236 :
1747 4181 1845 4252 AEdifi-

144 4257 209 4314 1110,
1021 4251 1091 4306 casti
1105 4250 1227 4317 lupanar
1239 4251 1320 4305 tuum
1334 4250 1364 4305 in
1378 4252 1468 4322 capite
1482 4253 1569 4307 omnis
1584 4253 1646 4310 viae.
1671 4251 1740 4308 lude
1754 4253 1845 4308 etiam

179 4331 284 4383 -Aut
305 4324 473 4394 amrificiam
495 4321 616 4395 offertur.
646 4320 771 4394 intelligi
798 4320 890 4378 lliasa
916 4337 966 4376 sa·
1023 4320 1261 4394 opudllomanos
1284 4321 1415 4394 procede,
1440 4339 1566 4394 quarum
1591 4323 1774 4380 meretricum
1790 4324 1845 4380 lra-

141 4414 226 4456 crnm
255 4395 440 4453 manifestius
477 4398 522 4450 est
547 4411 636 4478 quam
673 4398 706 4449 ut
734 4392 838 4448 debeat
871 4391 965 4449 mani·
1022 4393 1343 4465 qucusmentio,quod
1369 4399 1435 4449 ante
1460 4394 1697 4452 loreesoderent.
1723 4395 1844 4453 Plautus

142 4467 255 4536 testari,
276 4472 379 4522 contra
403 4465 616 4538 impudentiam
637 4463 719 4520 lunii
746 4464 795 4536 qui
811 4465 967 4536 quaepiam
1022 4465 1051 4521 in
1068 4462 1146 4520 Pmn.
1165 4481 1172 4518 ι
1191 4463 1371 4535 sProsedaa,
1397 4465 1542 4537 pistorum
1566 4468 1678 4524 amicas
1704 4466 1845 4540 reliquias

143 4541 290 4600 crationes
304 4538 467 4609 generatim
481 4535 628 4609 iutelligit.
651 4535 799 4594 videndus
813 4540 966 4593 Grctserua
1019 4535 1164 4594 alicarias.
1182 4557 1196 4586 »
1214 4535 1278 4592 Lac.

143 4616 245 4671 noster
258 4609 289 4665 in
305 4609 382 4665 uotis
398 4613 500 4666 contra
511 4607 647 4672 lunium,
662 4623 725 4679 cap.
735 4607 762 4672 3,
776 4605 842 4664 heo.
1057 4607 1113 4680 (99)
1143 4607 1256 4663 liabitas
1284 4607 1419 4678 qualitate
1446 4609 1647 4679 questuoriam
1684 4611 1843 4665 mentiente.

181 4682 234 4755 (98)
250 4681 366 4737 Tbamur
386 4680 447 4750 illa,
470 4683 525 4736 eto.
551 4681 612 4736 uisa
635 4686 675 4734 est
696 4679 825 4750 questui.
850 4677 882 4732 ld
909 4680 964 4749 est,
1022 4678 1195 4752 Perstringit
1210 4678 1501 4750 fortassequamdam
1512 4679 1738 4752 mulieremque
1754 4679 1845 4737 inillo

143 4755 181 4812 ad
196 4759 344 4827 quassum
367 4753 478 4821 sedere,
493 4755 548 4808 elo.
575 4749 668 4806 liliam
688 4749 763 4805 hano
787 4749 964 4821 scriptoram
1022 4750 1084 4806 luto
1099 4751 1233 4818 haeserat,
1250 4767 1309 4822 qua
1325 4751 1447 4814 ratione,
1463 4751 1523 4806 Sat.
1541 4766 1580 4817 vt,
1604 4752 1753 4808 luvenalis
1769 4751 1845 4809 Mes·

144 4825 299 4954 stilti
320 4821 969 4954 litt.tt.l..l...tttt⁸.l¹tat.‘’tlttt
982 4795 1006 4861 ⁰
1021 4821 1147 4949 ttltll
1162 4821 1456 4966 ‘attitulasti‘
1471 4821 1587 4966 ttll
1601 4822 1845 4953 tttlttttttt

143 4971 233 5026 verba
250 4988 256 5026 :
273 4969 390 5025 Thamar
407 4967 549 5038 cooperuit
572 4983 600 5022 se
622 4963 711 5036 pallio
726 4965 816 5036 (quod
828 4933 969 5036 ’appellat
1023 4964 1143 5022 intravit
1158 4965 1186 5022 in
1203 4981 1262 5037 qua
1286 4964 1394 5020 loedum
1419 4934 1614 5038 pr'osttbutum
1635 4967 1751 5023 sederat
1766 4985 1847 5025 meu-

143 5046 173 5098 et
211 5045 242 5096 Β.
285 5040 479 5114 Hieronymus
519 5037 704 5108 theristrum)
746 5043 771 5092 et
812 5035 969 5101 adornauit,
1023 5037 1122 5093 ticndo
1137 5039 1324 5108 acquestum
1341 5038 1588 5109 corporisluoere.
1608 5038 1642 5094 Lu
1657 5043 1710 5096 Pa.

143 5123 172 5169 et
213 5128 275 5170 cum
314 5113 463 5184 aspexisset
505 5126 565 5166 eam
605 5108 699 5177 ludos,
737 5109 827 5164 uuum
865 5111 904 5163 est
944 5109 970 5163 ei
1058 5109 1096 5180 (1)
1112 5109 1230 5180 Spiritus
1243 5125 1293 5180 par
1313 5125 1396 5164 aures
1422 5110 1457 5164 ab
1480 5111 1652 5181 impudentia
1674 5110 1845 5167 vulneretur.

143 5182 327 5240 meretricem
365 5200 439 5240 esse.
481 5180 555 5238 lllud
585 5186 695 5247 sotem,
731 5188 758 5236 et
785 5179 883 5246 uoluit,
919 5195 969 5234 ao·
1022 5181 1065 5236 Ab
1081 5180 1265 5253 impudentia
1279 5177 1391 5236 scilicet
1407 5180 1550 5250 Juvenum
1567 5186 1778 5253 protervorum,
1795 5181 1846 5253 qui

143 5255 240 5327 cipere
267 5254 384 5311 videtur
411 5256 523 5324 auctor,
556 5269 609 5325 pro
638 5250 876 5325 concupiscentia
904 5251 969 5322 ejus
1022 5251 1280 5308 teinlulihabitn
1307 5266 1358 5323 pro
1373 5251 1521 5324 impudica
1545 5253 1731 5326 compellare,
1747 5256 1775 5309 et
1790 5252 1847 5309 im·

144 5328 262 5384 exarsit.
279 5327 353 5383 Psu.
1023 5323 1144 5396 pudenti
1169 5321 1296 5394 alloquio
1320 5322 1456 5393 spirltum
1481 5328 1565 5380 tuum
1589 5323 1733 5382 lacessere
1757 5328 1785 5379 et
1802 5322 1846 5380 in·

180 5429 214 5440 -
234 5397 360 5468 Questus·
382 5395 487 5452 sedere.
515 5392 619 5450 Sedere
647 5393 805 5450 mulierum
833 5394 879 5450 est
905 5407 968 5463 que
1023 5394 1155 5467 quietare
1169 5395 1331 5459 audebunt,
1346 5400 1434 5466 atque
1447 5394 1488 5452 ila
1502 5412 1554 5469 per
1569 5412 1654 5452 aures
1668 5401 1735 5452 tuas
1751 5395 1844 5466 pudo:

144 5470 305 5527 fornicarie
321 5474 400 5524 suot.
420 5469 457 5524 De
481 5464 582 5520 eedem
597 5464 736 5531 Thamar,
761 5467 831 5522 Gen.
848 5478 968 5531 xxxvm,
1023 5483 1084 5523 rem
1099 5473 1181 5522 tuum
1207 5465 1414 5531 vulnerabunt,
1431 5467 1473 5524 sic
1497 5489 1509 5521 a
1535 5467 1672 5539 spiritum
1696 5464 1845 5522 secularis

22 5579 24 5598 .
142 5543 259 5612 Operuit
274 5555 303 5596 ss
315 5541 393 5612 peplo
418 5541 444 5594 et
467 5537 573 5592 ultumi
585 5551 624 5607 se,
647 5535 822 5608 conseditque
836 5537 868 5592 in
886 5539 969 5606 porta
1023 5539 1063 5595 rei
1079 5537 1173 5612 gratia
1188 5536 1326 5594 concutit.
1352 5539 1388 5594 ut
1411 5539 1549 5611 spirltum
1573 5536 1711 5595 scandalo
1728 5552 1846 5609 permo-

23 5639 25 5684 l
143 5613 307 5671 oculorum:
322 5611 377 5675 val,
394 5614 427 5665 ut
441 5605 599 5680 Vulgatus‚
623 5609 731 5662 Mutato
746 5608 841 5663 babitu
854 5605 923 5662 sedit
938 5609 968 5663 in
1021 5614 1099 5666 vent.
1118 5633 1132 5658 n
1147 5609 1256 5666 Concil.
1283 5609 1389 5668 illiber.
1406 5628 1413 5668 ι
1436 5633 1451 5663 u
1464 5609 1591 5685 Spiritus
1614 5613 1783 5668 sanctorum
1799 5608 1844 5665 in-

23 5687 26 5750 l
144 5687 216 5742 bivio
240 5683 362 5754 uineis,
385 5685 415 5736 et
436 5679 581 5745 ieremie,
607 5693 642 5734 oa

326 5755 331 5768 ,
377 5754 382 5764 Ι
446 5753 464 5766 ..
643 5693 730 5807 qm,
760 5678 821 5762 iside
843 5678 891 5733 ati
910 5694 967 5735 non
1022 5681 1314 5755 quietauturnllre.

142 5758 281 5830 prostrato
304 5769 355 5822 sas,
370 5769 401 5808 sn
423 5768 476 5809 usu
498 5749 620 5808 nutas
667 5751 711 5806 uit
733 5762 813 5806 eorm
837 5747 967 5809 solemne
