4046 6172
125 339 175 400 ltu
663 335 957 400 arotoultuluus
978 333 1068 398 ADV.
1092 331 1256 396 auduus.
1750 328 1810 386 dil

5 463 7 474 ’
126 470 243 528 tinorum
256 469 482 542 demonstrator,
504 467 562 528 alia
584 470 632 528 dio
646 471 798 529 morituris
810 469 876 544 (33).
893 467 931 527 So
945 471 973 538 Λ
987 483 1091 526 monas
1105 481 1171 524 esse
1186 462 1373 540 cognoscitis.
1392 461 1502 519 Eadem
1525 477 1593 518 vero
1605 473 1696 533 opere
1709 459 1811 515 nostra

125 557 209 616 cordio
223 561 250 614 et
262 556 407 614 'lbanetio
431 561 459 614 et
473 556 679 631 Asolepiodoto
692 558 758 616 vitas
773 558 931 616 summini-
986 557 1022 614 ab
1033 557 1144 613 eisdam
1153 554 1210 612 diis
1222 554 1391 612 vestrisnon
1401 555 1519 608 tantum
1529 549 1584 606 hoo
1594 546 1810 620 detegentibus,

5 633 6 694 ἐ
124 651 239 705 stratur:
256 647 312 704 nisi
323 663 355 704 se
369 647 517 705 daemones
529 645 780 718 ooul'essiiuerint‚
792 647 932 705 christia·
986 647 1065 718 quod
1081 661 1176 718 neque
1189 643 1247 717 ipsi
1262 642 1302 698 dii
1317 643 1340 678 ¹⁰
1355 641 1415 698 siut
1429 655 1524 712 nequo
1539 638 1592 695 ulli
1607 637 1656 695 elii
1667 637 1700 706 ⁹⁰,
1720 634 1809 693 etism

5 755 6 770 ι
124 753 155 794 no
169 735 280 792 mentiri
300 751 358 792 nou
383 737 535 808 sudantes,
550 737 660 794 ibidem
684 735 764 796 illius
779 737 933 795 christiani
986 734 1059 792 illud
1074 735 1104 791 in
1119 732 1281 792 eontinenti
1293 729 1479 804 eognoaoitis‚
1490 728 1541 802 qui
1556 728 1595 784 ait
1608 727 1768 793 veredam,
1781 727 1810 780 et

123 823 310 900 prooaoissimi
331 826 508 900 sanguinem
533 826 657 885 fundite.
683 827 758 896 Quid
772 827 831 885 isto
847 843 934 900 opere
987 839 1024 882 an
1037 823 1097 892 ille,
1113 827 1142 880 et
1156 839 1194 880 sn
1216 822 1332 890 uniens,
1349 835 1437 894 quem
1452 816 1610 876 Christiani
1627 817 1808 889 profitemur,

123 912 317 972 manifestius?
329 913 400 987 quid
415 914 470 972 bno
480 915 651 988 probatione
661 915 778 974 fidelius
789 915 804 973 ‘i
817 914 934 990 simpli·
987 915 1016 971 et
1031 929 1068 970 su
1083 913 1122 969 ite
1138 912 1301 969 eradendus
1323 909 1530 982 colendusque,
1546 910 1579 962 ut
1603 906 1685 970 tides.
1701 907 1733 960 ut
1747 904 1808 960 dia-

121 1003 184 1060 oitas
195 1001 326 1060 veritatis
335 1003 367 1060 ln
378 1004 475 1062 medio
489 1010 553 1075 est;
567 1004 661 1062 uirtus
671 1004 715 1062 illi
727 1022 783 1063 sua
797 1004 932 1064 assistit:
987 1001 1097 1075 oiplins
1106 999 1250 1074 disposita
1264 999 1557 1058 esthriatianorum.
1570 995 1672 1052 Diosnt
1681 992 1809 1050 ibidem:

121 1089 185 1148 nibil
199 1091 345 1166 suspioari
365 1090 472 1150 liosbit.
489 1093 586 1168 Magis
608 1097 660 1152 aut
673 1093 773 1168 aliqua
787 1093 935 1169 eiusmodi
987 1090 1091 1163 lioquis
1107 1090 1156 1148 ille
1171 1090 1305 1148 Christus
1329 1105 1397 1146 oum
1413 1103 1467 1144 sua
1482 1083 1605 1143 iabulei
1620 1083 1694 1142 m
1711 1080 1741 1138 si
1757 1081 1809 1137 bo-

120 1179 224 1238 iallaoia
237 1180 301 1238 fleri
316 1180 421 1239 dioetis
431 1182 465 1252 ⁸⁸,
480 1183 507 1240 ai
521 1181 598 1240 oouli
612 1183 702 1240 vestri
717 1188 746 1241 et
759 1199 846 1241 aures
868 1199 934 1256 per·
988 1198 1036 1239 mo
1050 1180 1218 1238 communis
1232 1178 1419 1249 ooudltiouia,
1435 1177 1460 1235 si
1476 1191 1591 1250 magus,
1607 1173 1632 1232 si
1651 1175 1718 1246 post
1732 1186 1811 1227 mor-

121 1269 247 1328 miserint
260 1270 355 1328 vobis.
372 1271 446 1338 Quid
463 1275 561 1329 autom
585 1271 672 1330 inniti
686 1276 782 1346 potest
795 1274 935 1330 aduersus
987 1271 1079 1328 tsm⁸¹
1096 1270 1132 1326 de
1146 1268 1280 1342 sepuloro
1295 1285 1313 1325 e
1328 1265 1482 1340 disoipulis
1505 1265 1674 1337 subreptus,
1691 1261 1715 1319 si
1731 1273 1810 1317 nuno

119 1359 697 1432 io,qu0dostenditurnudaaineerttatet
711 1361 935 1434 Siolteraparts
988 1359 1115 1431 denique
1129 1375 1218 1432 penes
1238 1358 1359 1428 interos,
1375 1355 1400 1413 si
1415 1371 1473 1412 non
1488 1355 1517 1410 in
1532 1353 1612 1410 omlis
1628 1350 1724 1424 potius
1734 1350 1766 1418 ⁹³,
1783 1351 1812 1406 et

119 1447 210 1504 “vero
233 1447 281 1504 dei
304 1451 387 1520 suut,
410 1465 462 1506 our
482 1465 547 1506 seeo
561 1449 705 1506 demonis
729 1446 935 1506 mentiuntur?
988 1439 1811 1513 luderenturuaeumtotiusmundimotu,oumborrore

119 1553 150 1594 su
165 1540 194 1593 ut
211 1536 299 1594 nobis
323 1537 547 1611 obsequantur?
568 1538 636 1596 Jam
651 1541 730 1596 m
743 1553 812 1612 ergo
836 1537 935 1610 subja·
989 1536 1080 1606 orbis,
1094 1553 1160 1593 oum
1177 1535 1294 1611 plsuotu
1309 1535 1454 1606 omnium,
1466 1533 1515 1589 sed
1527 1549 1584 1589 uon
1595 1531 1618 1568 ⁹³
1633 1527 1811 1586 Christiano·

118 1631 159 1682 ota
168 1629 212 1682 eat
226 1625 402 1684 Christiania
423 1626 561 1684 divinitas
575 1632 689 1698 vestra;
706 1644 759 1685 neo
774 1628 875 1698 uthue
890 1625 935 1683 di·
989 1616 1815 1696 rum,utDeiVirlusetDeiSpiritusetSermoelespientia

120 1714 200 1772 uiuite
211 1715 385 1790 deputanda
410 1719 465 1786 est,
481 1733 545 1790 quae
569 1716 690 1775 subdite
701 1721 747 1775 est
769 1715 892 1786 bomini,
907 1718 937 1771 et
989 1719 1018 1773 et
1032 1714 1115 1771 Ratio
1130 1719 1158 1772 et
1173 1715 1222 1772 Dei
1238 1713 1340 1771 liilius.
1352 1713 1563 1783 Ouodoumque
1574 1708 1687 1778 ridetis,
1698 1707 1814 1764 rideant

119 1804 221 1878 siquid
248 1805 285 1862 sd
312 1805 440 1864 dedeous
461 1807 541 1876 laeli,
563 1805 680 1865 emulis
703 1806 776 1865 suia.
800 1806 829 1862 si
844 1803 937 1862 alteru
990 1807 1019 1862 et
1033 1803 1077 1860 illi
1093 1804 1265 1873 vobiaoum;
1282 1805 1389 1876 negent
1403 1801 1552 1859 Christum
1567 1814 1684 1856 omnem
1702 1797 1813 1853 abavo

119 1897 193 1967 parta
214 1893 367 1952 demones
389 1899 460 1953 sunt
482 1894 527 1952 vel
549 1895 657 1970 angeli,
672 1911 725 1953 our
746 1911 779 1954 se
799 1895 870 1952 alibi
884 1909 937 1968 pro
951 1847 976 1914 B
991 1893 1120 1950 animam
1136 1893 1271 1950 restituto
1282 1908 1402 1966 oorpore
1412 1889 1626 1965 judioaturum.
1642 1887 1745 1944 Dicant
1759 1885 1814 1940 boo

120 1981 172 2038 diis
185 1999 272 2052 agore
286 1983 488 2058 respondent?
502 1983 577 2042 Nam
600 1984 678 2042 siout
691 1984 745 2054 illi,
761 1983 812 2058 qui
826 1982 867 2040 dii
882 1982 938 2040 ba·
992 1999 1043 2058 pro
1053 1980 1233 2049 tribunali‚si
1244 1980 1446 2052 torto,blinoen
1455 1983 1483 2036 et
1492 1973 1815 2048 Rhadamanthumidl)

120 2071 220 2129 bantur
232 2072 268 2142 ⁸⁸,
291 2073 438 2132 demones
461 2089 494 2132 se
514 2073 610 2130 dioore
632 2073 809 2142 noluissent,
827 2072 854 2130 si
874 2087 941 2130 vers
993 2072 1157 2130 seoundum
1172 2071 1382 2129 eonsensum⁸⁴
1395 2069 1526 2127 Platonis
1540 2073 1570 2126 et
1584 2071 1737 2141 poetarum
1752 2079 1817 2122 esse

121 2159 281 2233 ditassent,
296 2162 420 2233 seilicet,
431 2179 467 2221 ne
479 2163 515 2220 de
527 2162 682 2235 iuuentute
696 2179 727 2220 se
741 2164 939 2236 deponerent:
993 2154 1816 2232 souitoqsuesaltemignominisetdamnationtsnotam

121 2247 157 2304 ito
168 2253 197 2306 et
210 2249 274 2320 isti,
290 2267 366 2324 quos
376 2251 486 2308 direoto
498 2251 646 2309 demones
661 2251 765 2324 nostis,
775 2268 834 2310 non
849 2253 940 2310 aude·
994 2249 1120 2308 refutent
1136 2266 1143 2306 :
1158 2254 1286 2306 renuant
1296 2265 1327 2306 se
1337 2247 1508 2306 immundos
1518 2246 1641 2320 spiritus
1651 2260 1725 2314 esse,
1737 2243 1815 2316 quod

119 2341 178 2394 rent
191 2337 265 2395 alibi
281 2339 538 2414 prodiisagers,si
553 2339 646 2414 aliqui
661 2341 781 2399 omnino
792 2341 942 2398 diiessaut
993 2338 1039 2395 vel
1054 2355 1089 2396 ex
1101 2337 1219 2413 pabulis
1240 2354 1341 2396 eorum
1357 2337 1499 2412 sauguine
1522 2340 1551 2394 et
1565 2335 1647 2391 iumo
1661 2337 1690 2390 et
1704 2331 1816 2406 putidis

119 2441 237 2498 quorum
253 2427 428 2486 nominibus
443 2436 582 2500 utuntur;
594 2430 848 2488 vererenturenim
859 2428 941 2486 abuti
993 2427 1073 2501 rogis
1088 2443 1226 2502 peoorum
1242 2427 1298 2500 (35)
1314 2428 1343 2484 et
1356 2424 1600 2499 impuratissimis
1613 2421 1722 2498 linguis
1737 2421 1817 2494 ipso·

119 2516 268 2588 indusiato
278 2517 464 2590 superiorum
474 2519 497 2555 ⁸⁶
512 2519 577 2577 sine
592 2518 682 2576 dubio
692 2519 940 2576 ettimsndorum.
994 2533 1062 2574 rum
1072 2521 1173 2573 vetum
1185 2515 1308 2588 intelligi
1319 2515 1439 2584 debuit;
1456 2513 1613 2571 renuant⁸⁸
1623 2513 1660 2570 ob
1672 2508 1816 2566 malitiam

119 2604 189 2662 Adeo
204 2603 290 2662 nulla
304 2610 350 2663 ost
368 2605 506 2664 diviuitas
522 2607 581 2665 ista
596 2624 686 2680 quam
699 2606 816 2676 tenetis,
831 2606 902 2680 quia
916 2606 958 2678 si
995 2605 1212 2680 predamnutos
1222 2603 1550 2676 seineumdemjudioii
1562 2602 1638 2659 diem
1649 2597 1820 2657 cumomni·

117 2697 198 2762 esset,
215 2707 317 2766 neque
340 2711 358 2751 e
383 2695 538 2753 demoniis
561 2697 789 2770 adnotareturii,
814 2711 909 2769 neque
926 2711 943 2754 a
996 2695 1052 2752 bus
1067 2693 1229 2752 cultoribus
1242 2699 1271 2751 et
1285 2693 1520 2767 operatoribuaii
1535 2692 1607 2749 suis.
1623 2688 1711 2763 Atqui
1722 2686 1820 2745 omnis

118 2782 171 2838 diis
189 2787 359 2857 negaretur.
384 2785 457 2842 Cum
472 2785 550 2858 tergo
564 2790 691 2857 utraque
713 2801 782 2860 pars
797 2784 944 2842 aonourrit
996 2783 1058 2840 breo
1073 2786 1175 2840 nostre
1188 2782 1219 2838 iu
1242 2781 1311 2839 illos
1332 2781 1494 2839 dominatio
1515 2788 1543 2838 et
1564 2783 1694 2854 potestas
1715 2776 1751 2834 de
1766 2791 1819 2832 uo·

119 2871 146 2928 in
159 2871 388 2944 enormiorem,
399 2873 470 2930 deos
481 2890 546 2932 esse
558 2889 679 2947 negans,
690 2875 840 2947 agnoscite
850 2891 943 2933 unum
997 2871 1159 2929 minatione
1174 2870 1282 2928 Christi
1291 2869 1441 2945 euterpe),
1450 2875 1479 2928 et
1493 2871 1528 2928 de
1544 2865 1822 2926 nommemoratione

119 2961 311 3032 geniumne,
328 2961 357 3018 id
385 2966 430 3018 est
454 2963 735 3022 damnanaverunt
752 2963 944 3036 utrobiqusiu
997 2976 1110 3032 eorum,
1144 2976 1208 3033 quse
1245 2959 1301 3016 sibi
1338 2977 1356 3016 a
1388 2959 1446 3016 Deo
1479 2975 1531 3032 per
1562 2957 1706 3014 erbitrum
1739 2952 1821 3010 Cbri·

116 3049 174 3119 lam
189 3049 265 3107 deos
280 3049 421 3122 quatita
437 3067 512 3124 quos
521 3051 600 3109 enim
611 3051 876 3126 praesumpseratis,
886 3053 944 3109 dre·
998 3054 1077 3107 stum
1102 3047 1287 3106 imminentia
1310 3052 1488 3122 exspeotsut.
1513 3047 1661 3105 Christum
1684 3045 1822 3101 timentes

816 3168 919 3232 Varia
939 3165 1101 3232 lectiones.

149 3279 235 3338 niso.
253 3281 383 3354 aliique:
398 3280 507 3351 libebit,
532 3282 647 3358 magiae
661 3315 698 3327 -
718 3283 791 3342 deri.
819 3282 908 3342 Diotis
933 3298 991 3340 uon
1018 3282 1113 3350 stetis,
1136 3279 1173 3349 si,
1188 3283 1242 3338 ato.
1258 3281 1318 3352 liip.
1336 3290 1363 3338 at
1386 3282 1452 3339 dou.
1473 3283 1634 3354 receperunt
1655 3279 1824 3352 scripturum

118 3351 170 3407 cod.
185 3352 293 3416 suta:
319 3357 381 3411 uod.
403 3355 554 3426 Botsgarsii
576 3373 587 3413 .·
610 3356 763 3429 magia-
785 3357 848 3414 lieri
871 3356 968 3412 dietis.
993 3355 1057 3412 Non
1081 3353 1195 3422 diaetis,
1221 3352 1257 3423 si,
1282 3359 1351 3421 eto,
1373 3353 1449 3410 codd.
1477 3355 1553 3424 Pub,
1577 3350 1663 3424 Luqd.
1692 3355 1718 3407 et
1740 3349 1824 3422 Apol.

118 3421 176 3478 lieri
201 3424 315 3482 dicitis.
345 3431 405 3482 Non
433 3427 546 3496 diaetis,
577 3427 602 3483 sl
630 3433 685 3485 eto.
735 3428 819 3485 “lla
847 3427 935 3498 lugd.
965 3428 1029 3485 But.
1058 3431 1180 3494 nature,
1207 3424 1280 3480 unde
1308 3429 1423 3482 Hormo.
1449 3427 1605 3497 suspicatur
1626 3426 1741 3492 natura,
1771 3421 1824 3490 oet,

117 3509 179 3550 uere
202 3503 326 3554 natura.
364 3498 386 3532 ¹¹
402 3497 464 3555 Diui
484 3501 551 3555 Por.
588 3499 809 3572 “Maiestatem
833 3500 1014 3573 superiorem
1038 3502 1155 3560 Fran.,·
1178 3496 1333 3566 majestate
1356 3496 1507 3570 superiore
1532 3497 1620 3551 Poris.
1659 3495 1681 3530 ⁸⁷
1696 3494 1824 3550 libendo.

118 3563 246 3638 aliique:
265 3569 452 3626 all'eotaretur
466 3571 497 3626 ln
510 3570 703 3642 audissemus,
728 3577 796 3640 eto,
820 3585 880 3644 quea
900 3573 954 3627 duo
976 3587 1020 3626 ov.
1045 3570 1280 3640 interpretationis
1294 3584 1377 3625 causo
1398 3572 1521 3639 ascripta
1543 3568 1703 3624 deleverunt
1716 3568 1782 3638 Rip.
1796 3572 1827 3620 et

117 3637 179 3694 llos.
217 3639 241 3676 ¹⁸
257 3643 308 3697 Fr.
323 3643 437 3706 lunius,
452 3643 532 3708 ileu„
556 3646 581 3698 et
605 3641 691 3700 Sarni,
715 3645 742 3700 et
763 3644 831 3700 liiii.
853 3642 1027 3712 distinguant
1049 3659 1060 3698 :
1084 3641 1244 3708 demones,
1260 3656 1375 3710 verum,
1391 3640 1558 3712 utrobique.
1581 3639 1648 3696 lam
1668 3639 1750 3705 deos,
1766 3638 1823 3692 eto.

118 3707 365 3767 ”suntl’orieia
414 3713 582 3770 ”Sedudd
607 3715 673 3770 Pur.
724 3714 746 3752 ⁹¹
762 3719 883 3772 Cruoem
906 3715 1019 3770 douae.
1070 3711 1196 3769 ”Ocius
1218 3711 1300 3768 Sami.
1351 3711 1374 3748 ⁰³
1391 3712 1421 3767 ai
1445 3727 1503 3768 noo
1527 3713 1610 3768 Fron.
1662 3709 1824 3766 “Sensum

118 3779 205 3908 Pugio.
260 3783 480 3842 “Renuntient
499 3786 582 3842 Fran.
609 3786 668 3858 Rip.
720 3786 743 3822 ⁰⁸
761 3786 850 3844 codd.
881 3785 946 3843 Put.
968 3788 998 3842 et
1024 3783 1130 3857 bugd,
1158 3781 1263 3853 libem,
1289 3782 1358 3842 ald.
1386 3788 1415 3840 et
1438 3783 1485 3841 lir.
1514 3783 1620 3840 lunius
1645 3799 1653 3840 :
1677 3780 1824 3855 operatio·

119 3866 146 3907 nr
168 3869 213 3910 ιιι.

838 3935 1099 4002 Commentarius.

118 4055 288 4130 gnensium
303 4057 417 4116 Numen
441 4058 628 4133 primarium,
644 4061 680 4120 de
703 4077 761 4136 quo
786 4077 840 4118 noa
854 4064 981 4135 suprec
1000 4060 1087 4117 istem
1101 4059 1166 4116 uite
1177 4057 1373 4133 largitionem,
1385 4075 1447 4131 que
1462 4062 1561 4117 tamen
1578 4059 1664 4132 paulo
1680 4061 1746 4132 post
1756 4073 1823 4115 oum

119 4131 152 4184 ad
166 4146 232 4205 oap.
248 4131 296 4197 12,
312 4135 342 4187 ot
354 4131 491 4204 preclaro
509 4133 598 4217 etiam
615 4134 746 4262 disputat
761 4131 789 4190 la
802 4133 893 4218 ilerda
908 4133 944 4190 sd
1000 4137 1095 4189 morto
1109 4131 1184 4189 loret
1198 4133 1417 4216 oornumutanda.
1442 4131 1528 4216 iiulg.
1544 4131 1622 4188 Aliae
1634 4129 1822 4188 demorlturis.

119 4203 947 4360 tt·aliisallis}llil'ltliitlttltilpi
1000 4202 1626 4360 illitttllittilttittltili
1640 4201 1821 4357 &iiiiii

137 4361 177 4400 ua
194 4363 231 4403 ex
255 4361 324 4430 aere
347 4346 540 4406 desoendunt.
565 4348 638 4406 lllno
663 4353 739 4408 oerte
762 4349 897 4424 Orpheus
915 4365 945 4406 ιιι
1020 4347 1138 4404 erroulrs
1160 4351 1346 4430 imperalium
1372 4347 1425 4404 boo
1451 4347 1538 4404 modo
1562 4364 1596 4404 ar
1617 4351 1763 4429 umentem
1784 4343 1821 4402 ad

135 4431 226 4488 ymno
241 4417 280 4474 ad
295 4417 377 4474 rllam
395 4435 403 4476 ι
998 4364 1135 4476 e'olooem
1160 4417 1240 4486 isort,
1263 4434 1293 4474 ru
1308 4419 1385 4476 Bello
1398 4419 1459 4488 laq.
1485 4436 1548 4493 usp.
1576 4419 1589 4474 l
1643 4435 1682 4478 :a
1697 4418 1822 4474 Etiamsi

1000 4495 1079 4548 serta
1093 4490 1184 4563 pestis
1199 4490 1325 4559 adesset,
1342 4507 1513 4548 mansurum
1529 4491 1638 4564 potius,
1652 4505 1741 4564 quam
1757 4505 1821 4573 pro·

128 4537 248 4644 ⁰l²⁵iii⁰i
266 4541 316 4616 isti
331 4537 441 4614 θηρῶ).
456 4541 563 4617 deipara
578 4542 672 4622 '‘9⁰i32
686 4542 895 4646 eutropium„
999 4562 1069 4619 ditis
1084 4577 1158 4634 quos
1172 4561 1308 4645 duoebat²
1324 4563 1403 4646 turpi
1422 4561 1635 4646 iuguinoerts,
1651 4579 1685 4619 ao
1700 4563 1823 4619 lorsatan

175 4633 339 4684 Nimborum
350 4635 445 4694 mater,
460 4636 668 4700 ventorumque,
682 4633 882 4700 omnigenltrrx.
999 4633 1087 4708 paulo
1102 4637 1169 4706 post
1182 4633 1284 4690 morbo
1299 4639 1460 4692 rnterrturse
1481 4640 1545 4691 srtae
1561 4638 1703 4708 paruerat.
1719 4651 1735 4686 ι
1750 4633 1822 4690 Hau.

1035 4705 1092 4778 (34)
1119 4705 1226 4763 lliooeo
1249 4709 1277 4761 et
1303 4705 1554 4763 Rhadamanthum.
1582 4705 1682 4764 Poetis
1709 4704 1739 4761 in
1768 4703 1824 4761 boo

119 4775 153 4830 at
176 4775 331 4832 lunonem
353 4773 505 4848 Virginem
529 4775 662 4835 fabulosa
685 4776 746 4834 anti
770 4777 846 4834 uitas
866 4777 946 4836 baud
1000 4776 1167 4834 consentire
1195 4775 1343 4834 Platonem
1371 4777 1401 4834 in
1428 4778 1488 4834 baa
1517 4777 1605 4835 verbe
1632 4780 1764 4836 recenset
1788 4775 1823 4833 D.

119 4847 281 4904 sontiouit·
297 4846 383 4903 testis
399 4847 472 4904 mibi
487 4846 647 4907 Pausanias
661 4847 691 4906 in
707 4849 900 4906 Gorrntbiaoia
915 4850 945 4906 in
999 4851 1075 4906 lust.
1096 4851 1170 4905 Mart
1190 4866 1214 4904 r.
1236 4847 1317 4920 Apol.
1342 4864 1373 4904 ιι.
1398 4847 1486 4918 Plato,
1509 4850 1615 4923 inquit,
1640 4849 1828 4906 Rhadaman*

120 4918 197 4986 flno;
229 4887 282 4974 ael
308 4916 387 4992 πηγὴ
410 4919 532 4980 Κάναθος
556 4917 727 4992 καλουμίιι),
756 4918 867 4976 iurabis
894 4921 945 4990 τὴν
998 4922 1129 4977 thumei
1184 4921 1270 4976 inosn
1292 4919 1393 4977 itidem
1415 4920 1543 4993 injustos
1568 4919 1824 4979 adinvenientes

119 4989 203 5061 Ἥραν
220 4987 301 5067 φασὶν
318 4988 442 5064 Ἀργεῖοι
460 4989 529 5044 κατὰ
548 4987 609 5054 iro<
635 4991 788 5065 louoptuqu
813 4992 944 5140 παέξένον
1000 4993 1153 5078 plenarum
1168 5007 1234 5048 osae
1248 4992 1359 5058 doouit,
1375 5007 1428 5048 nos
1444 4997 1542 5050 autem
1568 4994 1698 5066 idipsum
1713 4993 1824 5049 laetum

118 5059 251 5134 γίνεσθαι·
268 5059 348 5123 οὗτος
376 5059 423 5134 μὶν
444 5056 478 5132 δι)
538 5061 632 5118 tolvia
653 5061 765 5130 τιλιτῆς
792 5063 823 5133 ἣν
886 5083 946 5119 oues
999 5065 1036 5121 rri
1051 5063 1188 5134 dloimus,
1213 5062 1434 5120 sedoCbristo.
1457 5066 1556 5122 addit.
1583 5071 1657 5123 orat.
1680 5062 1825 5150 praebri·

117 5135 248 5216 sqijllpq,
274 5129 359 5208 λόγος
372 5135 426 5188 τῶν
442 5081 606 5212 &seguinus
622 5133 703 5208 lesio,
719 5137 738 5193 i.
754 5152 780 5192 e.
798 5158 813 5187 u
829 5137 864 5195 Et
878 5137 945 5194 lons
1000 5136 1105 5193 stianis
1124 5135 1325 5208 Athenagoras
1342 5151 1348 5191 :
1364 5133 1423 5192 Nos
1447 5141 1558 5207 eutem,
1573 5137 1633 5194 sive
1655 5141 1747 5194 Minos
1763 5135 1823 5193 sive

117 5221 162 5261 our
189 5219 301 5262 nomeu
330 5205 492 5262 Ganatbua.
523 5208 555 5264 ln
580 5223 614 5264 eo
646 5209 726 5265 lonte
754 5207 840 5282 vulgo
867 5210 944 5280 apud
1000 5207 1245 5265 Rhadamanthus
1270 5206 1309 5263 sit
1331 5206 1392 5264 sive
1413 5205 1522 5280 aliquia
1545 5225 1647 5266 eorum
1670 5219 1762 5294 petar,
1788 5223 1825 5264 ue

115 5277 252 5349 Argivos,
268 5277 431 5360 proditum,
445 5277 605 5348 iunonem,
620 5279 670 5336 ubi
694 5280 852 5353 quotannis
867 5279 945 5338 laue-
999 5296 1067 5338 eum
1084 5279 1202 5352 quidem
1218 5279 1316 5350 ipsum
1332 5278 1522 5352 ell'ugiturum
1535 5297 1600 5338 esse
1610 5281 1758 5354 judroium
1776 5278 1825 5336 bei

115 5349 164 5417 rit,
187 5349 287 5405 denuo
313 5349 457 5422 virginem
483 5350 556 5407 tisri.
580 5352 707 5409 Manavit
728 5351 776 5409 bio
791 5367 888 5409 sermo
908 5351 945 5410 ab
999 5353 1138 5409 dloimus.
1155 5371 1169 5402 u
1185 5349 1257 5407 Pau.

115 5419 234 5478 areanis
248 5419 412 5491 initiorum,
427 5437 492 5492 que
505 5422 617 5480 lunoni
631 5423 756 5481 solemni
766 5423 825 5480 ritu
835 5424 945 5481 flunt.»
959 5436 984 5503 Ι)
1035 5423 1092 5496 (35)
1105 5421 1217 5480 Possidio
1229 5422 1303 5494 repis
1321 5437 1464 5494 pecorum.
1488 5424 1625 5483 Veterum
1638 5423 1825 5482 contumeliis

114 5493 182 5548 uod.
208 5491 276 5548 Ald.
301 5507 354 5549 uua
378 5493 494 5550 emetis
517 5494 656 5569 pessime,
678 5501 710 5554 ut
732 5500 763 5553 et
785 5496 879 5553 Rben.
903 5496 946 5552 oa'o
1000 5499 1136 5554 oneratos
1163 5495 1313 5552 damonae
1341 5497 1444 5550 notum
1474 5501 1529 5554 est.
1558 5497 1703 5570 Sulpitius
1731 5497 1767 5552 de
1794 5494 1822 5548 S.

113 5565 244 5620 ralatio.
261 5561 331 5619 llas.
1000 5567 1126 5624 Mertino
1157 5583 1165 5622 ι
1195 5587 1209 5615 «
1237 5564 1312 5630 Ouid
1337 5563 1394 5634 bio,
1423 5566 1531 5639 inquit,
1562 5570 1673 5636 adebs,
1702 5568 1824 5624 orueuta

149 5635 211 5708 (33)
228 5634 291 5691 Alia
304 5635 350 5692 die
363 5637 517 5693 morituris.
535 5639 579 5695 lta
591 5637 729 5710 preclare
743 5637 945 5712 restituitllig.
1000 5638 1118 5697 bestie?
1133 5636 1211 5694 Nihil
1225 5636 1256 5692 in
1271 5651 1328 5704 me,
1345 5637 1470 5705 lunesto,
1486 5643 1623 5714 reperies.
1638 5644 1704 5695 Lao.

116 5721 150 5764 ex
166 5723 228 5765 ms.
255 5705 339 5764 solo.
386 5707 416 5764 ui
437 5707 528 5766 habet
547 5709 604 5767 ulia
619 5710 666 5767 dis
686 5712 848 5783 maras,
869 5714 946 5768 utet
1036 5711 1092 5780 (36)
1107 5709 1201 5767 Omaie
1219 5707 1277 5765 beo
1298 5712 1393 5766 adura
1407 5713 1439 5767 ia
1465 5711 1529 5769 titos
1550 5711 1710 5776 dominatu,
1733 5713 1824 5778 ΜΟ·

117 5795 193 5838 ιιιιι.
225 5775 343 5836 lierald.
364 5722 402 5837 Ἱιι
430 5779 540 5853 quibus
567 5780 722 5841 ιιονίιιιιιι.
751 5781 839 5841 Ridet
865 5780 945 5842 anim
1000 5786 1081 5841 miae
1094 5779 1329 5842 ominatum
1350 5778 1456 5840 Cariati
1467 5783 1549 5841 sata.
1574 5777 1717 5840 Notabilis
1738 5775 1825 5837 estin
