4152 6192
214 279 291 342 titt
485 278 753 344 acarnaniam
773 279 938 344 ornauit
960 279 1062 343 PARS
1081 277 1109 341 l.
1125 277 1317 343 -sattltts
1338 279 1378 354 ll,
1400 279 1643 346 contraries.
1694 309 1696 314 ·
1840 283 1920 344 itta

214 411 334 467 cumbet
347 424 414 466 cam
429 411 534 468 merito
551 409 581 468 in
592 409 751 477 sodalitiis,
766 412 883 485 sarpeia
899 410 1034 485 popinis3
1052 411 1216 485 papiritus
1225 410 1408 484 rethigerium
1420 411 1434 466 l
1447 409 1802 468 abidirinebensdiotioi
1816 411 1922 468 Omnia

212 504 241 556 et
255 498 436 556 ministrabit
457 515 668 570 nonnunquam
692 500 814 574 iniquis,
840 501 927 558 solita
941 515 1039 574 quon·
1094 506 1240 568 extranea,
1265 500 1365 556 omnia
1387 498 1517 567 inimica,
1543 500 1643 557 omnia
1666 501 1816 570 damnata,
1837 502 1920 559 adte-

212 590 281 646 dam
296 587 408 646 sanctie
425 589 613 658 ministrare;
629 594 657 646 et
672 606 731 645 noa
747 589 817 646 bino
833 589 1037 663 prejudicium
1093 590 1189 646 rende
1200 587 1223 626 ²⁶
1237 588 1325 646 saluti
1340 606 1357 646 a
1374 587 1451 645 malo
1465 587 1612 646 immissa.

212 677 411 735 damnationis
436 693 496 734 sue
525 683 673 752 agnoscet,
697 694 747 735 eos
775 679 943 750 observans,
964 695 1039 750 quos
1529 669 1535 676 ⁸

211 773 275 824 erat
287 767 455 838 judicatura
464 766 478 820 ‘l
501 766 592 838 Cujus
617 781 737 822 manum
763 765 942 823 desiderabit
957 766 1039 837 (55)‘t
1407 730 1524 788 CAPUT
1539 731 1601 789 VH·

212 856 247 914 de
261 856 348 927 cajus
363 854 466 928 pocalo
482 853 693 928 participabit?
709 855 783 922 Quid
794 856 896 913 1299
915 856 1038 912 mantas
1128 853 1193 911 Hac
1207 855 1233 912 si
1248 854 1306 912 illis
1321 871 1439 929 quoque
1461 854 1577 912 evenire
1597 855 1712 928 possint
1725 857 1793 929 (56),
1809 873 1873 930 que
1886 857 1918 914 ia

211 961 285 1002 suas
308 943 362 1011 illi,
388 943 433 1001 vel
458 942 562 1000 marito
587 944 658 1016 quid
682 944 733 1000 illa
755 944 908 1001 cantabit?
932 944 1040 1001 audiit
1093 944 1630 1018 matrimoniogeutiliaildemadepte
1646 949 1917 1014 morantur,tamen

211 1049 294 1100 sane,
305 1031 406 1089 audiat
415 1031 526 1104 aliquid
538 1033 574 1088 de
586 1047 685 1099 socna,
696 1033 732 1088 de
743 1033 876 1102 taberna,
887 1032 923 1090 de
932 1049 1036 1107 gaucia
1092 1037 1280 1102 excusantur,
1294 1037 1328 1089 ut
1342 1033 1373 1090 in
1398 1032 1472 1106 ipsis
1487 1033 1677 1106 deprehensa
1700 1051 1718 1090 a
1741 1034 1810 1104 Deo,
1828 1042 1858 1091 et
1868 1038 1919 1108 ju·

210 1139 276 1196 quse
291 1121 340 1178 Dei
365 1119 498 1178 mentio?
524 1137 588 1194 que
604 1120 713 1176 Christi
738 1121 905 1179 invocatio?
928 1120 979 1178 ubi
995 1121 1037 1178 io·
1092 1123 1200 1178 beatur
1232 1137 1418 1196 perseverare
1451 1127 1480 1180 et
1511 1122 1735 1179 sanctificantur
1765 1127 1795 1180 et
1834 1140 1917 1194 spem

211 1211 312 1270 menta
339 1211 408 1268 ildei
432 1211 468 1268 de
493 1208 714 1284 scripturarum
738 1208 963 1269 interlectione?
986 1210 1038 1268 nbi
1093 1207 1265 1267 lucrationis
1297 1210 1457 1284 accipiunt.
1485 1211 1514 1270 Si
1541 1226 1610 1284 ergo
1638 1215 1737 1270 ratum
1765 1215 1810 1269 eet
1837 1211 1918 1286 apud

929 1336 1032 1398 Variae
1055 1335 1216 1398 lectiones.

247 1443 269 1478 ’θ
285 1443 369 1500 liberi.
385 1442 576 1514 ahterrendn,
592 1443 781 1517 adterrende,
796 1443 837 1501 ol.
855 1444 1036 1502 abtenende.

937 1533 1196 1597 Commentarius.

210 1661 309 1732 postes
333 1656 571 1714 obumbramus?
587 1673 639 1714 neo
655 1657 782 1715 lucernis
798 1659 876 1715 diem
900 1657 1035 1732 infringi·
1091 1659 1218 1730 habere;
1235 1678 1250 1708 »
1265 1673 1328 1730 quie
1343 1657 1379 1715 ad
1388 1656 1622 1715 Christianorum
1635 1659 1749 1731 agapas
1760 1656 1919 1731 portinent,

213 1729 303 1788 mas‘l
319 1751 334 1781 a
350 1731 502 1786 Rationem
528 1729 649 1785 ridendo
673 1731 828 1804 subjungit
844 1747 851 1789 :
867 1752 881 1782 a
897 1729 1035 1801 Honesta,
1091 1737 1120 1787 et
1135 1736 1205 1787 suut
1229 1731 1337 1787 amoris
1360 1730 1542 1786 vehementis
1565 1731 1685 1801 indicia,
1710 1730 1808 1803 qualia
1827 1735 1921 1803 postia

211 1801 317 1874 inquit,
340 1818 387 1858 ree
415 1807 460 1858 est
482 1800 668 1858 solemnitate
692 1802 810 1875 publica
837 1803 970 1877 exigente
994 1804 1037 1859 in·
1113 1803 1204 1858 aesini
1220 1802 1393 1859 describunt
1408 1817 1415 1857 τ
1433 1803 1483 1858 sed
1500 1801 1610 1858 lasciva
1622 1803 1674 1859 illa
1690 1802 1759 1871 iere,
1775 1807 1806 1858 et
1819 1801 1921 1876 turpis

210 1875 301 1930 duero
322 1875 423 1930 damni
449 1877 505 1957 tuse
522 1874 655 1957 habiturn
680 1875 806 1946 alicujus
830 1877 895 1931 novi
911 1873 1034 1956 luparia-
1050 1912 1076 1980 Β
1091 1821 1223 1930 Γιὺιᾱιωε
1247 1875 1441 1947 impermissa
1462 1874 1629 1957 desideris3
1654 1874 1716 1930 haec
1730 1890 1797 1930 vero
1817 1877 1922 1957 sancta

210 1945 262 2002 rie.
278 1967 293 1996 a
318 1946 353 2001 itt
376 1961 384 2000 a
409 1965 424 1998 a
443 1945 513 2009 Quis
536 1961 615 2002 enim
640 1945 849 2019 philosopham
874 1949 1037 2004 sacrificare
1090 1947 1167 2002 inter
1181 1952 1299 2002 sanctos
1315 1952 1424 2003 mutua
1440 1945 1606 2002 dilectionis
1621 1949 1649 2001 et
1663 1945 1856 2001 fraternitatis
1870 1961 1921 1999 ar-

210 2023 262 2074 aut
275 2016 411 2073 lucernas
422 2017 543 2072 meridie
554 2035 643 2073 vanas
655 2021 829 2091 prostituere
841 2019 1009 2092 compellit?
1021 2040 1036 2070 a
1090 2025 1243 2102 gemente,
1260 2017 1368 2092 quibus
1384 2017 1541 2073 Christiani
1552 2031 1617 2073 sese
1634 2019 1670 2074 ob
1685 2017 1794 2074 Christi
1810 2032 1919 2073 noman

210 2093 306 2160 Atque
321 2090 373 2146 hoc
388 2105 476 2145 sensu
492 2105 603 2146 canone
618 2091 652 2145 37
676 2107 756 2148 conc.
783 2090 922 2147 Illiberini
938 2090 1037 2162 prohi·
1091 2107 1210 2146 summa
1233 2091 1357 2146 invicem
1383 2090 1440 2145 dds
1463 2089 1629 2160 unanimes,
1644 2088 1802 2146 Dominum
1827 2104 1916 2144 saum

160 2201 161 2206 κ
210 2160 306 2228 betur,
323 2182 338 2212 a
354 2161 395 2218 Ne
416 2160 552 2217 lucernas
576 2161 692 2234 publice
716 2163 877 2220 accendant
893 2163 1004 2247 fideles,
1022 2183 1036 2212 a
1090 2166 1267 2234 Patremque
1282 2177 1373 2217 unum
1401 2177 1469 2216 cum
1486 2161 1594 2233 Spiritu
1621 2161 1807 2218 sanctissimo
1822 2160 1918 2217 Deum

210 2249 263 2305 per
277 2233 355 2289 diem
371 2232 494 2316 scilicet,
519 2234 576 2290 ritu
593 2234 713 2316 gentili;
739 2240 767 2292 et
781 2251 846 2291 can.
871 2235 906 2290 24
921 2233 1035 2291 concilii
1089 2238 1152 2292 toto
1167 2233 1278 2298 animo.
1293 2238 1356 2290 tote
1370 2238 1478 2302 mente,
1495 2248 1633 2306 quarere,
1655 2239 1767 2306 optare,
1784 2231 1920 2305 deperire

209 2306 288 2360 Arei.
306 2303 329 2360 ll
345 2319 551 2362 communione
564 2312 696 2378 privatur
710 2309 866 2380 episcopus
881 2307 932 2378 qui
948 2305 1035 2363 etiam
1091 2307 1342 2364 contestabantur.
1359 2305 1422 2361 liic.

209 2375 343 2433 infideles
358 2377 388 2431 in
399 2378 545 2434 territorio
556 2376 668 2449 patitur
678 2380 785 2450 locutos
799 2381 961 2435 accendere.
979 2378 1035 2434 Sed
1137 2377 1182 2448 56)
1196 2381 1264 2434 Haec
1275 2379 1302 2433 si
1317 2377 1376 2432 iltis
1390 2391 1497 2450 quoque
1510 2376 1621 2433 euenire
1634 2383 1758 2445 manat,
1773 2377 1827 2430 etc.
1845 2373 1918 2430 ‘l'er-

211 2454 243 2505 st
253 2449 288 2504 34
302 2463 397 2504 canon
412 2448 579 2505 illiberinus
598 2454 676 2506 vetat
691 2466 790 2507 cereos
817 2450 847 2505 in
870 2450 1035 2508 caemeterio
1090 2452 1121 2505 ta
1136 2449 1215 2505 liano
1231 2448 1468 2506 Christianarum
1476 2463 1543 2503 eam
1559 2446 1721 2520 gentilibus
1731 2446 1917 2528 neptiaautam

210 2535 263 2592 per
277 2519 355 2575 diem
377 2520 504 2588 incendi,
529 2537 565 2577 ne
588 2522 710 2594 spiritus
725 2525 894 2579 sanctorum
919 2522 1034 2595 inquie—
1090 2521 1194 2577 acerbe
1209 2522 1361 2578 damnanti
1379 2521 1620 2591 enumerantiqas
1640 2517 1781 2592 pericula,
1797 2518 1919 2588 objicie-

210 2595 317 2647 tsntur.
346 2593 440 2657 Quare
464 2596 561 2648 autem
586 2592 757 2664 hujusmodi
780 2594 886 2650 ciliciis
912 2595 1036 2667 spiritus
1091 2593 1233 2662 betur,in
1267 2592 1505 2663 sutiliumconju
1529 2589 1916 2663 io,siqaandoaltercon-

209 2669 380 2746 sanctorum
391 2662 549 2746 inquietari
558 2665 1035 2738 contingeretdocnitLactantius
1085 2665 1193 2738 jugum
1224 2608 1266 2721 aff
1288 2663 1484 2721 Christianam
1508 2605 1598 2720 fidem
1623 2668 1786 2729 vocaretur,
1814 2661 1917 2743 adem

210 2751 246 2798 aa,
265 2750 373 2791 errima
388 2741 462 2791 ritas
473 2734 590 2806 gentilis
606 2737 806 2810 increpatione
817 2737 868 2793 lib.
880 2755 919 2804 vi,
930 2755 964 2794 os
988 2739 1034 2796 .2.
1090 2736 1210 2793 omuino
1224 2751 1289 2794 esse
1303 2736 1462 2792 metuenda
1477 2751 1485 2790 t
1502 2749 1555 2791 nec
1567 2739 1724 2819 propterea
1737 2739 1838 2790 tamea
1855 2733 1918 2788 dis-

209 2753 951 2882 Suiiindetamenoersara'mcsedelarumctiamper
977 2811 1033 2866 iem
1090 2807 1174 2878 solvi,
1191 2809 1249 2865 imo
1263 2825 1299 2864 ne
1323 2807 1524 2864 dissolvantur
1546 2805 1749 2864 disertissimis
1767 2803 1917 2888 interdicti

209 2894 283 2936 usus
298 2879 328 2934 in
342 2878 470 2935 Ecclesia
480 2881 578 2951 coepit;
591 2881 747 2937 necdeiuit
760 2898 777 2938 s
790 2881 987 2938 sanctissimis
995 2891 1036 2937 at·
1090 2879 1242 2954 apostolici
1257 2879 1355 2936 verbis
1365 2878 1471 2936 caveri.
1485 2876 1595 2935 ideirco
1608 2878 1752 2950 adjicitta
1769 2875 1836 2933 liae
1850 2875 1919 2933 illos

209 2949 1034 3026 qnedoctissimisHieronymus,quitalemritum,sinon
1090 2968 1206 3036 quoque
1230 2952 1344 3009 evenire
1372 2953 1508 3024 possunt,
1532 2953 1582 3021 qai
1611 2957 1640 3007 st
1667 2951 1698 3006 iii
1727 2947 1917 3006 matrimonio

209 3021 337 3095 probari,
351 3021 456 3078 saltem
477 3024 609 3080 excusari
624 3041 657 3080 ae
681 3025 799 3082 tolerari
814 3025 919 3082 debere
934 3027 1034 3082 adrer-
1089 3023 1193 3096 gentili
1208 3023 1296 3080 fldem
1308 3023 1405 3097 adepti
1418 3025 1574 3080 morantur
1588 3037 1596 3078 ε
1612 3027 1712 3078 tamen
1727 3024 1916 3085 excusantur.

208 3111 260 3151 sus
283 3092 477 3166 Vigilantiam
503 3097 717 3153 contenderet:
741 3101 773 3153 ut
796 3096 895 3153 mirari
920 3097 1034 3164 subeat,
1090 3095 1518 3168 utinipsiedepreheasiaCso
1541 3097 1570 3149 et
1580 3093 1723 3165 jubeatur
1732 3107 1918 3166 perseverare

209 3166 286 3223 acris
300 3165 411 3238 ingenii
427 3166 519 3222 viram
540 3166 636 3224 calore
651 3169 822 3242 disputandi
846 3184 1033 3235 succensum,
1088 3178 1117 3224 at
1131 3168 1362 3236 sanctificantur,
1377 3172 1406 3223 et
1427 3182 1509 3239 spem
1521 3138 1697 3222 lucrationis
1711 3163 1873 3250 accipiunt.
1888 3163 1919 3246 Si

209 3237 329 3296 laudato
346 3237 479 3295 mulieris
493 3238 598 3295 Christi
615 3241 704 3312 pedes
726 3240 874 3314 unigenitia
889 3257 970 3298 exem
995 3240 1034 3309 lo,
1090 3238 1494 3312 ergoratamestapadDenin
1504 3234 1920 3308 molemoniumhupasmoda

209 3309 245 3365 de
274 3308 432 3380 vigilantio
460 3325 513 3366 suo
540 3327 597 3367 non
628 3311 729 3368 iecisse
758 3311 925 3370 iscarioten.
955 3258 1142 3370 iiamCour
1157 3327 1216 3366 non
1231 3315 1260 3366 et
1275 3310 1514 3384 prosperecedat,
1525 3315 1557 3365 at
1572 3310 1718 3381 pressuris
1733 3312 1762 3364 st
1773 3305 1922 3380 angustiis

210 3379 405 3454 Hieronymus
434 3397 546 3438 morem
573 3383 768 3440 Coclesiarum
794 3385 885 3442 totins
909 3384 1037 3442 Orientis
1091 3386 1120 3439 et
1135 3381 1354 3455 impedimentis
1370 3400 1427 3439 aon
1443 3382 1486 3437 ita
1498 3380 1670 3453 lacessatur,
1681 3380 1793 3436 habena
1810 3380 1870 3434 'am
1886 3393 1921 3432 sx

211 3453 303 3509 luisse
318 3457 453 3522 testetur,
469 3454 623 3538 Evangelio
637 3455 759 3528 legendo
774 3455 933 3512 luminaria
947 3456 1035 3512 etiam
1091 3451 1388 3528 psrtedivinegratiae
1400 3451 1727 3528 patrociniumiNamet
1737 3451 1775 3508 ad
1816 3451 1919 3523 iqaam

210 3524 273 3580 sole
288 3524 428 3581 rutilante
441 3525 560 3581 accendi
578 3543 584 3581 :
604 3547 619 3578 α
633 3525 696 3582 Noa
722 3527 824 3598 utique
839 3529 874 3584 ad
890 3527 919 3583 lii
943 3529 1036 3584 andes
1090 3525 1229 3585 virtutem
1241 3528 1388 3583 coelestem
1402 3523 1588 3582 documentis
1599 3524 1780 3598 dignationis
1790 3521 1920 3593 alicujus

210 3596 420 3664 tenebras,sed
433 3596 469 3651 ad
484 3596 602 3668 signum
616 3544 1033 3656 letiiiodomonetraniiuma
1090 3601 1210 3654 vocatus
1232 3597 1282 3653 ille
1305 3599 1341 3653 de
1366 3597 1504 3671 gentibus
1527 3597 1632 3652 terrori
1656 3601 1701 3652 est
1724 3593 1840 3680 gentili,
1862 3607 1920 3675 quo

211 3665 279 3730 Qua
295 3667 367 3722 ratio
384 3667 472 3721 ritum
488 3667 616 3724 ostendit
626 3685 659 3724 eo
674 3670 768 3740 inagis
783 3670 945 3739 ethnicum,
957 3671 1035 3744 quod
1091 3671 1189 3726 minus
1204 3668 1382 3742 speculetur.
1405 3667 1503 3726 Sensit
1523 3665 1691 3740 magnalia:
1707 3666 1782 3722 vidit
1805 3680 1921 3737 experi-

209 3755 243 3794 ea
258 3738 354 3810 signa,
381 3738 490 3811 quibus
514 3743 615 3812 gentes
631 3741 661 3795 in
685 3740 786 3796 letitia
810 3741 897 3798 etiam
921 3748 1036 3816 proter·
1090 3746 1190 3798 menta
1206 3757 1213 3797 z
1231 3740 1287 3798 soit
1300 3741 1452 3797 meliorem
1470 3741 1587 3795 iactam.
1605 3739 1653 3796 Sic
1665 3743 1693 3795 et
1707 3739 1771 3811 ipse
1785 3735 1838 3792 Dei
1854 3751 1922 3791 cea·

207 3810 288 3865 viore
303 3825 336 3865 ac
355 3809 495 3881 nequiore
521 3810 689 3882 utebantur,
707 3813 918 3870 sacratissimis
941 3815 1035 3871 Evan-
1090 3813 1208 3870 didatus
1223 3811 1445 3870 caerimonalia
1461 3807 1922 3881 faciliushujusniodilucrifiant

208 3880 352 3955 galiorum
373 3881 548 3940 lectionibus
571 3885 872 3942 accommodarentur.
896 3886 990 3950 Quare
1005 3885 1034 3943 iu
1089 3885 1119 3941 in
1136 3902 1209 3958 qaas
1224 3883 1274 3941 Dei
1299 3884 1396 3957 gratia
1418 3883 1663 3941 consuetudinem
1690 3881 1766 3938 lecit.
1785 3903 1796 3932 ι
1814 3880 1920 3935 Totam

209 3955 263 4010 hac
287 3953 376 4010 etiam
401 3955 499 4026 specie
522 3953 632 4011 diceret
658 3955 818 4029 Septiciae,
844 3957 1034 4014 necessasia
1090 3957 1165 4013 hano
1190 3955 1342 4030 periodum
1367 3973 1401 4012 ex
1426 3954 1572 4029 agobardi
1594 3954 1669 4010 libro
1693 3951 1919 4022 descripsimus,

209 4024 338 4082 Ecclesia
354 4041 405 4099 per
420 4025 496 4082 diem
513 4026 648 4084 lucernas
659 4029 813 4102 adequare
828 4047 882 4086 iios
898 4029 1034 4100 ethnicis,
1089 4029 1160 4101 quia
1174 4045 1295 4084 sensum
1311 4027 1450 4084 Auctoris
1465 4026 1583 4082 exhibet
1596 4024 1836 4082 luculentiorem.
1852 4021 1919 4078 Dis·

209 4113 260 4154 aas
275 4096 366 4182 igitur
389 4103 475 4169 atque
498 4097 702 4171 hujuscemodi
730 4099 787 4157 alia
810 4103 914 4158 morito
938 4118 1034 4174 repre·
1090 4101 1163 4157 serit
1185 4100 1220 4155 de
1243 4099 1381 4172 coniugio
1404 4097 1517 4172 gentili,
1543 4114 1577 4154 ac
1600 4097 1803 4170 designatione
1831 4109 1920 4152 sexus

210 4169 310 4237 hendi,
340 4170 417 4241 quod
447 4171 525 4242 apud
556 4171 633 4227 idola
658 4171 841 4228 celebrentur
863 4189 870 4228 ε
892 4171 935 4228 sic
957 4173 1036 4229 enim
1111 4165 1918 4249 restantioriscommunesutriquerstionessxsmiiist.

209 4241 285 4312 ipse.
310 4241 347 4296 at
370 4239 576 4325 hieronymus,
601 4242 704 4298 eadem
728 4243 790 4309 illa,
806 4244 876 4315 quia
899 4249 969 4300 tuac
986 4245 1036 4302 ile·
1090 4189 1230 4311 Elarima,
1247 4243 1354 4316 inquit,
1370 4241 1554 4299 ostendimus
1568 4236 1919 4311 Christiauie,geatilium

209 4313 283 4369 hant
302 4311 401 4380 idolis,
425 4313 536 4370 idcirco
564 4314 737 4371 detestanda
764 4315 884 4386 quidem
914 4315 1035 4373 luisse:
1090 4315 1238 4371 connubia
1252 4309 1919 4400 quaerentibusincommoda,pericula,dam·

210 4401 289 4440 nunc
302 4400 381 4452 iero,
403 4384 474 4454 quis
496 4386 565 4456 Deo,
590 4386 661 4458 qnia
685 4387 864 4460 martyribus
890 4387 937 4443 Dei
953 4385 1036 4443 dedi·
1091 4403 1139 4450 ns,
1154 4385 1288 4458 qnaeillis
1301 4385 1708 4456 etiamevenireposeuntqui
1721 4383 1751 4439 in
1764 4385 1919 4438 matrimo-

208 4461 324 4525 cantur,
340 4455 450 4512 idcirco
465 4456 623 4514 laudanda.
642 4459 742 4530 ltaque
757 4458 804 4515 hic
824 4460 934 4531 gradus
950 4459 1034 4515 sisto.
1091 4459 1141 4514 nio
1157 4457 1271 4531 gentili,
1294 4459 1381 4514 iidem
1406 4456 1503 4531 adepti
1524 4456 1734 4524 Christianam,
1750 4457 1920 4518 morentur,

211 4528 283 4597 timo
312 4529 438 4584 arduum
468 4529 564 4602 pergit
588 4529 649 4612 iter
668 4529 857 4586 novatariens
881 4530 1035 4603 Rigaltias,
1090 4535 1190 4614 tamen
1205 4529 1457 4614 cxcusanturisti,
1474 4528 1628 4614 utinipsis
1640 4525 1769 4600 conjugii
1781 4523 1921 4596 periculis

209 4601 1036 4744 tilltietantiattttttmilliteratis
1052 4661 1075 4726 o
1091 4602 1921 4752 t‘t'lttttltitiettitiltttlttfttttsstttt

212 4757 298 4814 quem
315 4749 343 4798 et
358 4758 411 4798 nos
426 4743 585 4800 deserimus
602 4745 637 4799 ad
657 4745 887 4801 vetustissimam
904 4747 1032 4814 gentiam
1089 4745 1205 4801 Deinde
1226 4761 1408 4818 progressus,
1423 4743 1554 4801 ostendit
1576 4744 1797 4800 matrimonium
1812 4739 1920 4810 huJus-

211 4812 342 4870 omniurn
359 4815 436 4870 hand
449 4831 576 4872 secussc
588 4816 679 4872 totius
691 4815 1033 4883 Ecclesiatraditioneni.
1089 4817 1169 4872 modi
1185 4815 1292 4873 habere
1310 4819 1373 4888 jam
1389 4833 1425 4873 ex
1446 4819 1529 4888 parte
1544 4814 1649 4872 divine
1673 4813 1773 4887 gratia
1789 4811 1920 4894 patroci-

211 4889 243 4942 ut
257 4883 355 4941 videre
370 4891 414 4942 est
428 4887 457 4942 ia
477 4885 604 4960 vulgatis
628 4905 662 4944 ea
676 4888 712 4944 de
733 4905 763 4944 re
778 4888 1034 4945 commentationi·
1088 4886 1188 4958 nium;
1205 4888 1264 4945 imo
1279 4888 1461 4944 vocationem
1476 4885 1558 4942 illam
1578 4886 1765 4960 degentibus
1780 4883 1817 4940 ad
1833 4882 1919 4939 Chri-

211 4957 268 5013 has
283 4960 317 5014 P.
337 4957 462 5014 Lebrun.
478 4960 615 5032 Explicat.
627 4959 673 5016 des
686 4958 791 5030 priora
801 4969 828 5016 et
842 4960 888 5016 des
898 4963 1033 5018 ceremon.
1090 4960 1217 5016 stianam
1232 4958 1429 5032 disciplinam,
1452 4958 1594 5016 indicium
1616 4973 1681 5015 esse
1695 4957 1800 5014 divine
1816 4953 1920 5038 digna·

210 5028 397 5098 detumesce,
421 5033 504 5088 truite
525 5032 668 5103 pretimin.
685 5037 741 5086 ert.
755 5031 791 5097 V,
814 5032 856 5087 Cl.
883 5035 1033 5088 Fortunat.
1089 5031 1179 5088 tionis
1205 5037 1234 5087 et
1261 5036 1402 5088 terrorem
1429 5030 1558 5087 incutere
1585 5023 1699 5104 gentili,
1729 5045 1788 5102 quo
1816 5041 1921 5083 minus

210 5100 341 5156 Sosoohi.
362 5101 470 5159 Sacror.
494 5104 751 5162 Elaeoclirismotam
773 5102 942 5177 myrothecio
966 5105 1033 5159 tria.
1089 5101 1268 5176 speculetur,
1294 5103 1394 5161 minas
1421 5102 1586 5170 insidietur,
1619 5102 1719 5158 minas
1751 5099 1919 5170 obstrepat,

211 5172 272 5229 Eun
1090 5174 1141 5247 qui
1169 5175 1273 5231 subite
1299 5174 1470 5232 mutationis
1498 5173 1640 5231 miracala
1664 5170 1818 5246 percipiat,
1843 5185 1916 5226 axo·

242 5172 303 5370 gig)
318 5243 401 5316 CuJ'us
415 5259 529 5300 monam
543 5244 718 5302 desiderabit.
734 5244 881 5302 Editionea
894 5243 1034 5314 vulgata:
1090 5261 1150 5302 rem
1168 5246 1406 5304 sciatmeliorem
1435 5249 1553 5314 lectam,
1568 5261 1676 5318 exque
1691 5242 1920 5325 Christianam:

212 5335 225 5367 s
268 5317 384 5387 ecujus
398 5332 485 5371 manu
502 5317 689 5374 desiderabit.
708 5339 719 5367 ι
737 5317 824 5374 Mox:
843 5317 891 5373 ubi
909 5317 1036 5373 lementa
1089 5319 1134 5374 sic
1149 5322 1178 5373 et
1192 5319 1289 5392 ipsum
1305 5335 1338 5376 eo
1363 5319 1468 5376 timore
1492 5334 1525 5375 ac
1548 5317 1709 5376 reverentia
1724 5313 1918 5372 candidatam

211 5385 278 5442 lidsi
294 5387 511 5458 scripturarum
529 5387 741 5457 interiectione.
758 5411 773 5440 a
788 5389 883 5446 Catia
898 5387 1035 5458 vulgatis,
1090 5405 1155 5447 ease
1169 5390 1288 5448 Christi.
1303 5388 1416 5448 lilludit
1430 5390 1465 5446 ad
1480 5388 1651 5447 Dauidicuui
1663 5387 1753 5445 illud:
1766 5385 1859 5461 Ἀρχὴ
1875 5401 1921 5438 ee·

210 5459 248 5514 ds
260 5459 467 5532 Scripturoram
477 5460 669 5516 intellectione.
685 5460 786 5516 Utrum
801 5459 1035 5531 libueritseqaa·
1090 5459 1151 5548 pla<
1163 5455 1251 5590 gidus
1267 5460 1458 5536 Rapina'l'um
1470 5461 1756 5532 subjicitdiscrirnen
1791 5459 1839 5513 'as
1854 5471 1921 5528 qaas

1771 5475 1787 5514 e

210 5545 289 5595 mur,
306 5547 362 5587 nnn
378 5531 474 5586 reteri.
491 5533 608 5586 itanum
631 5531 806 5601 desiderare,
823 5534 877 5596 vel.
893 5535 929 5589 do
944 5549 1034 5589 manu
1086 5551 1147 5618 pam
1186 5533 1330 5591 hristiana
1351 5533 1452 5610 gentili
1479 5535 1575 5592 nubit.
1598 5537 1751 5600 Ceterum,
1765 5547 1782 5585 a
1796 5529 1846 5585 iud
1862 5531 1919 5598 est,

209 5600 386 5673 desiderare,
403 5601 480 5659 idem
497 5607 550 5659 est.
573 5603 619 5658 Sic
634 5619 735 5676 supra,
758 5619 824 5660 curu
840 5604 1034 5662 oiiicisChri-
1088 5605 1195 5678 inquit,
1220 5605 1297 5666 altro
1321 5612 1351 5666 et
1373 5610 1477 5682 sponte
1500 5605 1530 5662 in
1556 5606 1704 5681 prohibita
1726 5601 1918 5662 descendere.

209 5671 298 5754 atisin
310 5679 452 5747 recenset,
461 5677 594 5746 tisanam
605 5683 773 5734 sanctorum
785 5676 910 5749 pedibas
920 5675 1034 5745 offerre,
1089 5679 1157 5746 Qua
1172 5683 1263 5738 Deum
1284 5680 1446 5752 scendunt,
1473 5678 1574 5754 utique
1595 5696 1614 5738 e
1636 5676 1711 5737 Malo
1735 5675 1918 5734 inferuntur.

210 5741 247 5800 de
262 5743 337 5818 cibo,
352 5745 388 5804 de
402 5745 506 5819 poculo
530 5747 678 5822 invadere,
698 5743 877 5824 desiderare,
891 5748 922 5808 iu
937 5753 1035 5810 ments
1088 5749 1152 5810 liic.
