4156 6194
210 276 244 334 η
939 263 1159 326 nanneno.
1868 271 1906 330 ss

241 403 348 458 Habeas
360 398 454 472 igitur
477 399 565 456 velim
581 399 811 455 Tsarnusrsuuu
826 413 860 453 ex
875 395 939 453 suis
958 399 1023 454 tan·
1038 396 1067 464 A
1081 395 1238 470 domsuper
1250 396 1430 454 altitudinem
1447 397 1563 453 nulium
1573 397 1629 471 (33)
1643 398 1698 456 tut
1708 399 1786 456 enim
1802 401 1904 473 Satan,

207 491 349 550 tummoda
364 489 484 564 scriptis
500 506 533 546 aa
548 488 609 547 solo
625 488 766 562 peculiari
783 503 859 560 pena
876 500 1023 542 commen·
1078 485 1120 540 ita
1135 486 1182 542 bic
1194 484 1309 559 tulgnrc
1324 485 1468 558 snperbia
1483 487 1625 560 dejectus,
1641 487 1747 544 cecidit
1756 488 1903 561 semelque

204 584 307 638 datum.
323 580 549 650 {flammandam
576 593 643 634 enm
673 581 810 650 praterea
838 575 899 632 bac
927 575 1024 648 prisca
1078 574 1189 646 lapsus,
1207 592 1243 633 an
1259 575 1427 642 surrexerit,
1445 592 1530 633 nemo
1543 577 1587 632 vel
1604 579 1694 634 audet
1708 579 1901 650 percunctari·

203 671 305 744 quibus
320 669 466 726 scribebat
487 671 629 740 tempora,
647 664 760 740 primns
776 663 961 732 interutras,
977 663 1022 718 in·
1079 665 1117 720 [ie
1141 665 1297 722 Salomone
1322 664 1480 737 queritnr3
1505 665 1541 721 de
1563 666 1688 740 Origene
1712 667 1902 740 disputetnr;

201 766 243 818 ter
262 759 380 816 Latinos
396 758 510 831 primns
535 762 602 830 post
620 755 774 828 pontifices
798 754 955 818 Romanos,
972 751 1022 824 qni
1078 754 1112 810 da
1126 753 1307 810 Tertulliano
1327 753 1439 810 siletur.
1456 753 1599 810 Dlntnrno
1616 759 1715 812 tamen
1740 755 1822 814 senio
1838 773 1905 813 con·

201 849 314 923 agnitus
339 847 445 904 sellem
461 847 500 904 sit
514 851 544 902 et
559 848 693 903 servatus
710 861 717 902 ι
734 843 831 900 fausta
854 840 1022 899 docentium
1076 842 1182 912 tabuit,
1198 858 1250 900 nec
1273 843 1300 900 ei
1320 843 1413 900 detuit
1434 843 1554 916 longum
1579 843 1737 916 poenitendi
1761 845 1901 916 spatium.

199 935 452 1012 etdiscipnlornm
477 939 621 1009 tempora,
643 950 711 990 oum
727 933 757 989 iu
783 948 857 989 novo
881 931 1023 988 Christia-
1075 932 1218 990 Mansisse
1246 947 1313 990 vcro
1343 931 1448 989 misere
1470 932 1663 1004 porrivallem,
1679 951 1712 990 aa
1740 933 1819 992 velut
1842 950 1901 992 nno

200 1044 301 1085 noram
328 1025 442 1084 semine
458 1026 581 1082 ferveret
603 1022 726 1080 calidior
739 1020 844 1078 Christi
860 1025 889 1078 et
912 1023 1022 1093 marty·
1076 1020 1135 1077 ictn
1152 1036 1209 1091 ano
1234 1022 1293 1077 ruit
1316 1019 1489 1078 delirantem
1512 1022 1548 1079 ad
1573 1037 1667 1095 nsque
1689 1023 1901 1096 octogesimum

199 1133 261 1174 rum
277 1115 411 1189 sangnis,
429 1131 496 1171 cum
516 1112 674 1170 adtucdsme
697 1112 888 1184 Apostolorum
907 1125 961 1166 noc
982 1123 1023 1164 sc·
1076 1109 1167 1166 terme
1182 1110 1275 1167 atatis
1290 1127 1349 1166 sua
1364 1127 1487 1180 annum,
1503 1110 1562 1168 imo
1586 1127 1638 1183 per
1662 1113 1859 1184 qnadraginta
1872 1115 1902 1168 et

197 1209 270 1262 anet
299 1221 331 1261 nc
355 1206 604 1277 representaretur
632 1202 733 1273 scaev,
761 1216 828 1258 cnm
857 1199 1022 1256 authentice
1076 1198 1205 1272 amplius
1227 1216 1331 1267 annos,
1348 1200 1465 1256 stetisse
1488 1200 1605 1257 intensa
1627 1199 1657 1255 in
1681 1199 1840 1258 Ecclesiam
1858 1201 1901 1258 lra

196 1311 290 1352 earum
317 1295 422 1352 littera
447 1293 543 1366 patum
571 1293 757 1348 recitarentur
780 1289 847 1362 (29).
864 1291 1021 1344 (tommen-
1076 1287 1212 1359 feracem,
1229 1305 1262 1345 ac
1285 1287 1344 1344 telo
1358 1287 1403 1345 val
1418 1288 1571 1346 deficiente
1595 1303 1685 1345 mann
1701 1289 1898 1358 minitantem,

196 1385 264 1440 dant
279 1399 348 1440 enm
362 1386 392 1440 st
406 1383 477 1439 urbs
491 1381 587 1455 patria
602 1397 636 1438 ac
660 1378 789 1437 Ecclesia
806 1379 892 1450 cnjus
907 1377 1021 1450 primns
1076 1375 1180 1434 ultima
1193 1377 1258 1449 ejus
1282 1377 1392 1450 scripta
1405 1376 1532 1434 nimium
1547 1377 1675 1434 suadent
1690 1381 1719 1434 et
1733 1377 1900 1436 revincunt.

196 1473 258 1540 init,
292 1487 379 1545 qnam
406 1470 587 1538 noverimne,
619 1469 774 1537 sacerdos;
804 1467 960 1540 Carthago,
989 1467 1023 1522 ut

194 1561 299 1618 amala
313 1565 405 1618 noma
421 1560 534 1630 viatrix,
551 1559 593 1616 sio
607 1577 626 1616 a
640 1559 697 1616 tide
719 1557 841 1628 devicta,
858 1560 891 1612 nt
905 1574 922 1612 a
936 1557 1020 1613 Petro
1111 1553 1217 1628 Ecquis
1233 1571 1301 1628 ergo
1315 1553 1520 1613 inscrutabilia
1533 1555 1585 1612 liei
1603 1554 1718 1628 J'ndicla
1731 1573 1788 1614 non
1804 1557 1899 1615 rator-

194 1651 342 1721 Romania
356 1667 374 1706 a
389 1649 463 1706 Petri
479 1647 633 1723 discipulis
648 1646 811 1720 acquisita;
829 1662 913 1716 nova,
925 1646 950 1702 si
964 1645 1019 1724 vis,
1075 1643 1239 1712 midct,non
1254 1643 1483 1711 harenationis
1498 1645 1533 1701 ad
1549 1645 1628 1701 bunc
1642 1645 1732 1702 finem
1743 1662 1896 1704 cessurum

195 1744 222 1796 et
235 1755 361 1796 suarum
378 1739 537 1796 tutantium
548 1738 611 1809 jam
629 1736 696 1796 lelix
713 1734 1018 1804 materstexsnltans3
1076 1733 1206 1790 torcium
1219 1733 1546 1790 lanstansarnnnrani
1557 1733 1672 1790 initium
1686 1733 1897 1792 existimasset?

191 1844 280 1901 qnam
297 1829 385 1884 modo
399 1827 513 1884 nobiles
527 1830 629 1901 partus
644 1826 708 1882 orbi
723 1825 940 1895 renuntiarunt,
954 1828 1016 1881 tum
1075 1821 1147 1878 Dato
1161 1823 1217 1879 snb
1233 1822 1363 1880 ineuntis
1378 1821 1476 1878 saculi
1491 1826 1588 1878 ortum
1604 1822 1799 1896 apologetico,
1809 1823 1897 1881 babi-

191 1921 336 1990 martyres
358 1915 519 1990 Scylliteni,
544 1921 607 1972 tum
632 1915 790 1987 Perpetua,
810 1912 966 1970 Felicitatis
987 1917 1017 1970 at
1069 1901 1167 1984 tisque
1190 1911 1301 1969 ceteris
1317 1929 1367 1984 pro
1392 1929 1482 1968 cansa
1503 1911 1669 1969 christiana
1692 1912 1896 1996 concionibus,

191 2006 340 2064 sociarum
364 2016 482 2080 agmen,
499 2021 624 2078 qnorum
648 2003 809 2076 Septimius
834 2005 934 2059 noster
959 2003 1016 2059 lnit
1071 2000 1252 2058 confirmatis
1279 2001 1346 2058 iude
1371 2000 1589 2058 consessoribus
1617 2006 1669 2058 aut
1697 2001 1734 2059 ad
1755 2001 1895 2084 ‚lauream

191 2111 317 2164 coavus,
332 2096 403 2163 imo,
418 2099 452 2150 nt
476 2093 652 2166 quibusdam
678 2091 783 2166 placet,
807 2091 891 2149 tastis
914 2096 944 2149 et
967 2109 1016 2148 en·
1071 2090 1249 2164 martyribus
1259 2090 1552 2161 evectis,delerventa
1571 2091 1809 2164 persecutionum
1821 2096 1896 2150 estu

191 2184 349 2241 comiavtes
364 2183 431 2256 (30).
447 2181 577 2239 Ecclesia
591 2181 651 2238 brec
666 2181 718 2237 din
739 2180 893 2238 sanctitate
908 2180 1016 2236 florens
1071 2196 1104 2236 ec
1118 2179 1282 2253 respirante
1305 2178 1459 2253 paululum
1475 2179 1615 2248 Ecclesia,
1631 2182 1751 2238 tandem
1772 2181 1897 2254 qnadra-

190 2278 218 2330 et
239 2273 376 2331 doctrina
396 2272 525 2329 virorum
550 2270 607 2328 sibi
636 2287 653 2326 a
675 2269 853 2327 Tertulliano
876 2269 1015 2326 continno
1070 2269 1396 2343 gintafermeannisad
1415 2285 1516 2342 paoem
1539 2269 1711 2343 composita,
1725 2271 1788 2342 jem
1804 2287 1898 2328 novus

189 2363 423 2428 succedentium,
439 2361 519 2417 bend
535 2376 620 2417 seans
635 2376 669 2418 ac
684 2358 709 2416 si
724 2358 771 2416 bic
794 2358 899 2415 Noster
912 2374 1014 2415 eornm
1070 2375 1166 2416 rernm
1183 2359 1254 2415 ordo
1277 2359 1427 2416 oriebatur
1443 2363 1472 2416 et
1493 2359 1653 2431 iucundior
1667 2364 1835 2432 temporum
1852 2359 1897 2416 ia·

188 2451 310 2526 ingania
332 2450 511 2521 excitaverit,
526 2465 634 2506 manns
657 2450 694 2506 ud
719 2448 850 2522 pralium
872 2449 1014 2517 docuerit,
1070 2448 1146 2517 cies;
1164 2449 1240 2520 jam,
1266 2450 1421 2523 suspensis
1449 2448 1581 2515 auribus,
1608 2448 1670 2506 aive
1697 2453 1809 2522 gentes,
1836 2448 1897 2506 sive

190 2541 311 2597 ordines
335 2541 371 2598 sd
396 2541 487 2597 aciem
513 2537 679 2609 intruserit,
695 2538 797 2610 sisque
820 2553 941 2604 novum,
967 2553 1015 2594 ve·
1068 2537 1238 2604 Christiani,
1253 2535 1522 2611 evangelizantibus
1538 2554 1650 2611 paoem,
1666 2538 1895 2612 evangelizanti·

187 2629 240 2687 luti
272 2630 342 2687 belli
370 2635 523 2701 tesseram,
549 2627 699 2696 indiderit,
724 2627 927 2700 effinxeritqnc
955 2626 1015 2684 alo·
1068 2626 1125 2684 bns
1145 2627 1223 2683 bona
1246 2626 1483 2684 assentabantur.
1507 2627 1588 2692 Quod
1615 2632 1711 2684 antem
1738 2628 1768 2684 in
1792 2627 1895 2684 Galliis

186 2718 337 2790 quium,in
351 2721 413 2774 toto
428 2716 565 2790 deinceps
581 2715 754 2772 occidentali
769 2717 838 2772 orbe
848 2715 1014 2772 Christiano
1068 2714 1204 2784 Irenaus,
1220 2716 1250 2771 in
1266 2717 1387 2789 AEgypto
1401 2716 1545 2782 Clemens,
1562 2715 1592 2770 in
1609 2713 1691 2773 Latio
1707 2715 1894 2790 Hippolytus,

187 2807 399 2881 evulgandum.
415 2803 628 2863 Commendant
642 2808 750 2862 enmet
764 2803 817 2861 viri
833 2804 1013 2862 sanctissimi
1069 2805 1124 2862 hoc
1138 2804 1168 2860 in
1193 2803 1297 2876 errice,
1313 2804 1368 2860 boc
1390 2804 1420 2860 in
1437 2807 1497 2861 toto
1518 2803 1674 2861 Occidente
1695 2804 1896 2863 Tertullianus

185 2894 365 2966 quibuscum
381 2891 472 2950 simul
486 2892 597 2965 deguit,
613 2895 665 2949 aut
688 2897 878 2950 conversatus
893 2897 947 2964 est,
963 2897 1014 2950 aut
1067 2893 1222 2950 videbatur
1243 2897 1362 2949 acturus
1380 2893 1534 2960 sedeant,
1554 2893 1662 2950 divicta
1685 2893 1781 2965 plebe,
1798 2894 1897 2952 devin-

183 2983 371 3050 uecessitats,
387 2984 437 3039 11
454 2981 656 3039 studiorumve
670 2981 813 3039 similium
837 2983 1013 3039 commercio
1068 2986 1205 3040 cenentur
1232 2984 1262 3038 et
1283 2979 1398 3037 nobiles
1426 2981 1646 3053 sapientesque,
1662 2985 1691 3037 et
1713 2981 1750 3036 ab
1773 2982 1834 3039 imo
1857 2982 1895 3040 ad

180 3073 319 3143 junctus,
347 3073 474 3129 tranans
498 3087 586 3145 quem
611 3072 837 3129 venerabundus
867 3072 1012 3144 meminit,
1068 3087 1220 3130 summum
1244 3069 1439 3126 aedificaretur
1460 3067 1589 3125 Ecclesia
1605 3070 1838 3142 conderetnrqns
1851 3087 1895 3126 or·

182 3161 333 3234 Gaiusque
346 3159 730 3234 Hippolytusqueejusdem
747 3161 847 3218 lrenai
863 3161 1012 3235 discipali,
1069 3161 1115 3218 bis
1138 3159 1335 3217 Christianus.
1354 3159 1416 3214 liae
1432 3162 1505 3226 erat,
1527 3157 1558 3214 ui
1583 3157 1677 3228 tallor,
1693 3161 1811 3232 egregia
1827 3175 1895 3232 pars

182 3250 321 3308 Clemens
345 3249 562 3308 Alexandrinus
576 3267 700 3319 caevns,
715 3249 911 3324 Origenesqne
926 3267 1014 3324 quem
1069 3250 1115 3306 cni
1131 3248 1335 3306 destinabatur
1347 3246 1639 3314 Tertullianus.0nid
1655 3248 1764 3321 ptura?
1779 3248 1895 3317 cecidit,

184 3339 287 3396 Romae
317 3339 440 3396 sanasse
469 3340 590 3397 obvium
617 3339 731 3406 habuit,
755 3341 866 3396 summi
894 3340 1014 3397 demum
1069 3341 1264 3412 adintemum
1285 3337 1431 3408 Mnasias,
1449 3337 1661 3410 inprosundnm
1686 3337 1820 3411 tocitdl).
1836 3338 1896 3395 Hoc

183 3428 393 3501 episcopcrum
418 3428 566 3502 Episcopi,
582 3429 632 3502 qni
656 3428 877 3500 integerrimam
898 3429 955 3501 ipsi
970 3430 1014 3484 in·
1069 3433 1132 3487 erat
1153 3444 1221 3501 argo
1245 3426 1275 3482 in
1292 3424 1489 3500 investigabili
1505 3425 1555 3482 18
1572 3426 1621 3483 Dei
1645 3427 1770 3500 decreto,
1788 3426 1896 3485 uthaa

182 3513 335 3572 stillavere
349 3515 525 3585 doctrinam,
541 3532 629 3588 quem
645 3521 737 3572 totam
753 3517 850 3573 Roma
865 3533 932 3572 cnm
949 3533 1015 3574 sen·
1068 3535 1143 3576 nava
1165 3522 1209 3574 tot
1235 3515 1406 3574 vulneribus
1434 3515 1606 3574 adolescens
1631 3517 1769 3585 Ecclesia,
1783 3517 1894 3574 Jndaeis

180 3604 272 3676 guina
288 3620 343 3660 sno
358 3604 483 3677 apostoli
509 3607 704 3679 proludernnt
719 3606 786 3680 (31).
802 3607 1015 3662 commendent
1068 3609 1199 3678 tandem,
1221 3605 1364 3672 Etbnicis,
1381 3603 1530 3662 Gnosticis
1553 3607 1755 3680 triumphatis,
1771 3623 1802 3664 sa
1825 3607 1895 3664 bnic

181 3707 248 3748 enm
264 3696 296 3748 et
319 3692 448 3750 sexcenti
466 3710 540 3766 qnos
565 3712 623 3769 pras
644 3692 738 3751 aculis
755 3694 858 3751 babuit
879 3699 1013 3752 auctores
1068 3695 1237 3753 offensionis
1261 3694 1352 3768 lapidi
1369 3694 1556 3767 impingeret,
1572 3710 1604 3751 ec
1627 3696 1697 3752 dnm
1711 3697 1784 3752 tanti
1801 3697 1894 3754 animi

181 3781 488 3856 qu'nslibetgcneris,
505 3783 625 3842 sarriet
648 3783 773 3856 prolani,
792 3783 933 3852 historici,
950 3783 1013 3856 pbi-
1068 3784 1201 3842 subsidio
1234 3781 1359 3840 recreari
1388 3788 1548 3840 mereretur
1572 3808 1580 3853 ς
1609 3785 1746 3842 eumdem
1775 3785 1893 3859 lapsum

181 3869 314 3943 losopbi,
336 3877 439 3944 pasta,
460 3871 540 3944 juris
568 3872 760 3944 omniumque
788 3871 1012 3946 disciplinarum
1068 3873 1225 3942 amitteret,
1241 3872 1389 3929 intensum
1404 3871 1573 3940 sustineret,
1585 3872 1778 3931 reluctantem
1793 3890 1827 3931 ac
1842 3891 1894 3947 per

180 3959 282 4031 periti,
300 3975 426 4032 qnorum
450 3960 601 4018 volumina
616 3965 760 4018 nocturna
783 3978 873 4018 mann
888 3961 1014 4019 versavit
1067 3962 1264 4036 quodraginta
1289 3977 1383 4018 anuas
1397 3965 1428 4018 in
1444 3961 1547 4019 matris
1562 3978 1621 4018 sna
1641 3963 1787 4036 gremium
1803 3963 1895 4022 insul·

179 4053 209 4105 et
220 4049 343 4120 diurna,
359 4063 393 4106 ac
404 4049 434 4104 in
446 4049 584 4106 omnibns
594 4051 657 4108 suis
667 4050 785 4109 tabellis
796 4051 920 4124 prefixit
935 4052 1014 4109 testi·
1068 4055 1180 4110 tantem
1193 4050 1376 4123 lugeret.Nec
1386 4052 1449 4124 jam
1465 4052 1656 4124 querendum
1669 4056 1723 4124 est,
1741 4057 1774 4110 nt
1790 4053 1892 4112 multis

181 4139 297 4195 monia.
313 4138 529 4195 commendant
542 4155 609 4194 enm
626 4143 655 4195 et
678 4141 800 4212 posteri,
817 4140 878 4197 aive
895 4141 931 4197 ab
947 4141 1012 4214 ipso
1067 4139 1187 4214 placuit,
1200 4156 1237 4198 aa
1253 4138 1321 4212 plns
1335 4138 1470 4196 Ecclesia
1486 4141 1629 4213 prolucrit
1643 4157 1732 4213 quam
1748 4142 1891 4212 nocuerit,

180 4227 323 4299 proximi,
339 4227 400 4284 sive
414 4227 647 4300 novissimi,tum
663 4243 841 4302 congeneres
856 4231 921 4301 ejus
935 4230 1012 4286 Atri-
1067 4229 1162 4302 magis
1176 4245 1243 4286 vero
1258 4245 1295 4285 an
1320 4227 1377 4286 sibi
1394 4229 1429 4285 ad
1451 4228 1552 4299 vitam,
1567 4244 1659 4286 necne
1671 4229 1823 4302 profuerit.
1839 4233 1891 4288 Ec·

180 4317 261 4384 cani,
284 4332 412 4389 quornm
436 4317 495 4373 dux
518 4316 552 4374 lt.
569 4317 742 4391 Cyprianus,
765 4318 899 4390 Septimii
920 4318 1012 4377 libros
1066 4317 1161 4377 ctesiae
1184 4317 1265 4375 bomo
1288 4333 1344 4374 non
1366 4325 1417 4386 est,
1431 4316 1480 4374 ille
1495 4322 1538 4375 tot
1551 4317 1702 4376 laboribus
1723 4319 1889 4391 delunotus,

179 4404 340 4476 petiturus,
356 4405 453 4462 dicere
476 4406 648 4463 consuevit:
665 4406 708 4462 Da
732 4405 907 4480 magistrum
932 4407 1009 4480 (32),
1065 4410 1109 4464 tot
1123 4406 1333 4464 certaminibus
1348 4407 1439 4463 redux
1450 4407 1456 4462 l
1469 4406 1584 4464 Utinam
1598 4423 1664 4464 vero
1681 4408 1788 4466 melius
1802 4411 1892 4466 contl-

178 4496 246 4550 inm
262 4497 422 4566 nostrates,
439 4510 565 4566 quorum
590 4510 684 4566 presan
699 4493 740 4552 Cl.
757 4495 929 4552 Bossnetius
942 4495 1011 4553 Mel·
1026 4492 1050 4557 lt
1066 4495 1172 4553 damus
1187 4495 1233 4552 bis
1247 4495 1302 4569 piis
1316 4495 1476 4552 identidem
1492 4512 1645 4569 peropaca
1666 4499 1731 4570 ejus
1745 4501 1888 4572 respersis

179 4582 304 4652 densis,
335 4583 449 4656 quoties
477 4582 694 4640 Tertullianum
733 4586 858 4652 excitat,
888 4585 918 4640 ln
956 4585 1011 4642 bas
1064 4586 1213 4660 precibus,
1230 4589 1371 4642 acvotnm
1382 4585 1447 4656 ejus
1458 4585 1683 4657 adimpleamus,
1700 4605 1766 4645 cnm
1779 4589 1889 4646 diceret

178 4687 268 4729 voces
285 4675 337 4728 ant
360 4672 470 4729 similia
486 4689 493 4730 :
510 4673 637 4746 Euenum
660 4674 767 4742 uirum,
782 4675 874 4730 cirum
888 4691 1010 4746 prooem,
1064 4673 1305 4732 catechumenis:
1329 4675 1429 4746 lpitur,
1455 4673 1599 4741 benedicti,
1625 4691 1691 4748 quos
1718 4679 1808 4750 pratia
1837 4681 1890 4736 Dei

177 4763 357 4830 auctoritate,
370 4761 493 4834 pondere
505 4766 653 4836 potentem,
670 4776 824 4834 erumpere
838 4761 964 4820 videtur.
1064 4769 1213 4837 exspectat,
1229 4778 1293 4819 com
1306 4762 1341 4818 de
1365 4763 1414 4818 illo
1429 4764 1602 4820 sordissima
1626 4764 1736 4823 lavacro
1759 4769 1824 4824 acci
1834 4785 1887 4826 nc·

214 4853 356 4924 Magnum
377 4850 470 4925 igitur
488 4853 591 4916 Qnrnrs
613 4852 742 4908 Sarranus
763 4852 922 4910 Econsnms
933 4853 1011 4910 Tea·
1064 4853 1129 4909 totis
1152 4852 1313 4921 ascenditis,
1329 4856 1355 4907 et
1368 4853 1474 4925 primos
1486 4869 1586 4908 ninam
1601 4854 1674 4924 opud
1694 4855 1807 4912 llctrem
1825 4874 1889 4914 cnm

176 4955 314 4997 romunt
326 4957 435 4998 nomen
449 4959 456 4998 ε
468 4946 498 4998 at
508 4945 619 5013 quanto
629 4941 770 5014 majus,ni
780 4942 851 4999 uetat
859 4943 970 5016 sulpur,
979 4941 1012 5000 de
1064 4941 1199 5014 tratribus
1212 4941 1340 5012 aperitis,
1355 4941 1439 5012 petite
1454 4939 1488 4995 de
1504 4945 1599 5010 Putre,
1615 4944 1700 5013 petite
1714 4943 1746 4999 de
1759 4946 1888 5015 Domine,

176 5031 247 5086 crete
272 5030 413 5087 cecidisset
436 5029 486 5087 illc
511 5030 654 5087 Airicanm
670 5028 804 5087 Ecclesia
828 5033 948 5105 Lucifer,
963 5033 1012 5104 qai
1063 5030 1182 5103 peculio,
1198 5031 1317 5099 pretias,
1334 5029 1539 5086 distributiones
1563 5033 1775 5106 citerismntum,
1800 5036 1891 5109 subji-

179 5135 266 5175 mone
280 5119 507 5183 oriebatur;ntsi
518 5119 668 5176 interram
679 5120 901 5195 corruisset,qui
912 5121 1013 5178 vnlne-
1065 5121 1179 5177 ciente:
1194 5119 1292 5190 Petite,
1307 5122 1333 5174 et
1348 5120 1499 5190 accipietis,
1516 5121 1616 5191 inquit.
1638 5122 1779 5190 Quaesutie
1803 5127 1888 5196 enim,

176 5206 265 5262 rabat
287 5210 408 5280 gentas;
426 5206 484 5264 nisi
511 5206 628 5264 dicaret
648 5209 679 5264 in
707 5206 787 5264 corde
809 5223 857 5265 eno
878 5224 886 5265 ι
911 5210 1010 5266 Ascen-
1064 5211 1091 5264 et
1106 5208 1271 5274 inuenietis:
1284 5209 1467 5282 petroniaci
1480 5216 1608 5280 opertum
1622 5218 1661 5267 est
1675 5209 1757 5268 nobb.
1774 5213 1889 5271 Tantum

229 5509 264 5565 36
287 5511 330 5569 ot
346 5511 501 5572 Dissertl.
516 5513 547 5569 Α.
562 5513 718 5588 Νοοοεοῑι,Ι
706 5515 758 5591 ens
754 5532 796 5572 ra.

230 5580 262 5638 el
290 5583 563 5658 praenarrasse.

1109 5520 1144 5576 33
1169 5521 1213 5576 lta
1238 5536 1296 5587 x1v,
1313 5522 1326 5577 l
1374 5520 1416 5576 ll.

1110 5591 1145 5647 el
1170 5591 1311 5665 tetd.,15.

218 5437 274 5508 (23)
291 5443 332 5498 lie
345 5441 507 5525 Praeeript
524 5457 587 5515 cap.
603 5441 648 5498 36.
1097 5448 1212 5664 ἷ32)3.
1216 5447 1385 5591 Hierongm.
1404 5454 1442 5506 tte
1456 5447 1557 5523 Script
1572 5450 1667 5508 eccles.
