4152 6192
186 369 266 432 4405
818 367 934 430 LIBER
956 369 983 432 ll
1005 368 1057 432 ab
1078 369 1258 432 uxouutt.
1815 367 1895 430 4406

186 513 272 555 carne
287 497 390 572 gentili
405 498 665 572 inquinamentum
679 496 869 569 precavisse?
881 497 1012 554 Hoclooc
1028 501 1052 567 Α
1070 498 1212 556 admissio
1228 501 1327 559 minus
1343 502 1487 574 templum
1502 502 1553 559 Dei
1573 500 1670 568 violat,
1686 499 1786 556 minus
1801 514 1894 554 mem·

186 587 263 646 dicet
278 586 406 660 aliquis:
422 589 497 654 Quid
518 604 587 661 ergo
602 588 691 644 refert
718 587 795 646 inter
810 603 888 644 emm
905 586 957 660 qui
984 587 1014 642 in
1070 587 1123 644 bra
1141 588 1247 646 Christi
1271 608 1338 648 cum
1367 592 1511 648 membris
1539 589 1676 648 adulteras
1702 587 1895 645 commiscet?

187 677 376 734 matrimonio
391 677 682 751 gentiliaabomino
711 675 861 750 allegitur,
876 681 905 732 et
933 675 1014 745 olim,
1070 678 1150 742 Quod
1164 678 1266 747 sciam,
1288 698 1347 736 non
1377 697 1483 736 sumus
1505 679 1598 736 nostri
1626 679 1692 751 (42),
1722 678 1773 734 aed
1802 677 1895 749 pretio

185 766 214 822 id
229 773 274 824 est
288 771 356 823 ente
372 767 490 839 nuptias
507 765 634 838 lldelem,
664 769 696 822 ut
711 782 768 821 non
784 765 909 838 proinde
932 765 1014 822 curui
1069 766 1159 837 empti
1176 772 1227 836 ;et
1240 767 1320 840 quali
1345 767 1463 841 prelio?
1488 767 1633 841 sanguine
1656 765 1718 822 Dei.
1744 764 1894 822 Laedentes

186 873 245 912 sue
256 861 387 927 caveant,
406 872 474 913 oum
486 854 561 912 alter
574 855 712 927 enuptiis
725 853 853 912 iulidclis
869 859 1014 925 arceatur,
1068 851 1160 926 igitur
1173 871 1290 912 carnem
1305 857 1405 927 istam,
1433 874 1501 914 eum
1524 855 1670 912 ledimus.
1696 855 1735 912 De
1761 853 1894 927 proximo

187 943 261 1002 alter
273 935 306 1014 Ιἰίι
321 945 709 1017 ilspereeverarejubeatur
722 944 737 1000 i
750 947 807 1000 Gur
833 943 860 1000 ai
882 960 900 999 e
911 942 1015 1016 gentili
1069 942 1139 1014 quid
1153 942 1211 1000 sihi
1230 943 1322 1002 voluit
1348 945 1396 1002 ille
1424 945 1476 1018 qui
1492 943 1576 1012 dixit,
1603 943 1744 1000 delictum
1774 942 1894 1015 quidem

184 1031 387 1105 inquinamur,
404 1032 528 1090 nonille
552 1031 746 1105 disjungitur,
761 1032 1013 1104 quemadmodum
1068 1037 1283 1090 esseaxtraneo
1300 1035 1488 1102 nubere,'sed
1518 1033 1687 1100 minimum,
1712 1047 1780 1088 eum
1809 1029 1894 1098 alias,

184 1120 722 1194 istenonobligaturlliespundebo:
750 1121 780 1177 Si
812 1120 936 1192 spiritus
961 1121 1013 1176 de·
1068 1121 1198 1192 seposita
1213 1123 1310 1179 carnis
1325 1121 1435 1196 injuria
1463 1124 1499 1180 ad
1528 1121 1684 1180 Dominum
1709 1119 1893 1193 pertinentia,

184 1209 271 1280 derit,
287 1215 354 1268 ante
366 1210 467 1267 omnia
479 1209 608 1282 allegans
622 1207 781 1267 Dominum
803 1209 899 1282 magia
914 1214 1013 1266 ratum
1068 1225 1155 1267 omne
1166 1210 1306 1270 delictum
1317 1211 1518 1269 voluntarium
1535 1213 1563 1268 in
1581 1211 1706 1268 ltomino
1722 1209 1829 1281 grande
1844 1207 1893 1264 sit.

183 1298 293 1356 habere
309 1297 532 1356 matrimonium
548 1315 607 1356 non
623 1297 770 1366 contrahi,
790 1314 878 1371 quum
893 1298 1014 1355 omnine
1068 1297 1181 1364 Quanto
1192 1299 1270 1356 enim
1286 1305 1417 1373 potestas
1430 1301 1544 1358 vitandi
1560 1299 1625 1367 luit,
1641 1304 1721 1362 tanto
1742 1305 1893 1354 contuma-

184 1387 315 1462 disjungi
333 1406 340 1446 ι
356 1386 652 1460 deniquedivortium
669 1385 816 1459 probibet,
846 1387 903 1444 nisi
919 1386 1014 1460 stupri
1068 1389 1118 1444 cic
1131 1387 1254 1445 crimine
1272 1395 1420 1447 oneratur.
1438 1391 1655 1448 Recenseamus
1683 1404 1762 1444 nuuc
1789 1392 1894 1442 catera

183 1492 285 1544 causa,
295 1476 508 1534 continentiam
517 1493 586 1536 vero
597 1476 794 1532 commendat.
814 1475 909 1532 Habet
923 1475 1014 1549 igitur
1067 1476 1198 1550 pericula
1209 1477 1378 1546 etvulnera,
1396 1484 1426 1535 ut
1441 1478 1510 1548 dixi,
1527 1476 1594 1534 lidei
1610 1478 1646 1533 ad
1675 1473 1813 1547 Apostolo
1829 1488 1894 1546 pro·

183 1563 235 1622 illc
251 1563 457 1637 perseverandi
486 1565 705 1632 necessitatem,
732 1564 781 1621 hic
810 1582 896 1637 porro
925 1567 1012 1622 etiam
1066 1567 1307 1634 visa,noncarni
1324 1565 1669 1636 lantum,verumetiam
1697 1563 1754 1638 ipsi
1774 1561 1890 1636 spiritui

183 1669 242 1710 non
257 1653 388 1711 nubendi
406 1658 593 1726 potestatem.
609 1654 691 1712 'lunc
707 1653 732 1710 si
759 1655 922 1712 secundum
937 1655 1013 1711 Scri·
1067 1655 1286 1714 molestissima.
1304 1657 1374 1724 Quis
1390 1658 1468 1712 enim
1499 1656 1612 1713 dubitet
1635 1653 1798 1712 oblitterari
1820 1669 1893 1724 quo·

183 1746 302 1814 pturam
313 1743 364 1814 qui
380 1742 410 1798 in
427 1743 616 1800 matrimonio
632 1743 734 1816 gentili
749 1744 837 1800 elide
852 1743 1013 1816 deprehen·
1066 1744 1137 1801 tidie
1151 1745 1240 1802 Iidem
1256 1745 1432 1803 commercio
1443 1745 1575 1802 infideli?
1589 1744 1685 1801 Bonos
1699 1745 1895 1814 corrumpunt

183 1829 306 1899 duntur,
326 1835 479 1904 propterea
494 1848 552 1889 non
567 1831 845 1906 inquinantur,quia
855 1848 923 1888 cum
939 1831 1011 1904 ipsis
1025 1875 1051 1942 B
1067 1849 1163 1889 morse
1179 1833 1431 1891 confabulationes
1448 1833 1549 1903 mala3
1562 1837 1673 1906 quanto
1686 1831 1780 1904 magis
1793 1829 1893 1888 convi-

182 1917 628 1991 aliiquoqueeanctillcantur:
654 1920 719 1978 sine
747 1920 839 1976 dubio
868 1919 928 1988 isti,
958 1919 1008 1992 qui
1064 1921 1360 1980 ctusetindivlduus
1386 1923 1487 1980 usus'l
1516 1923 1630 1989 Quavis
1660 1921 1767 1977 mulier
1795 1919 1892 1976 tidelis

182 2013 251 2066 ante
266 2008 385 2080 nuptias
396 2010 573 2066 sanctificati
597 2016 678 2081 suot,
706 2009 730 2067 si
760 2015 903 2067 extranea
927 2009 1009 2067 sarni
1064 2010 1509 2069 Dominumobseruetnecesse
1537 2016 1592 2070 cst.
1622 2010 1890 2083 Idtqoomodopo·

181 2098 441 2167 commisceantur,
465 2099 649 2156 sanctificare
663 2116 728 2156 eam
753 2115 811 2156 nou
828 2105 961 2172 possunt,
978 2100 1008 2156 in
1062 2105 1121 2158 test
1136 2101 1252 2158 duobus
1263 2101 1390 2158 dominis
1404 2101 1561 2170 deservire,
1581 2099 1706 2158 Domino
1729 2106 1758 2156 et
1773 2099 1888 2165 marito,

181 2203 307 2260 quanon
325 2192 396 2244 sunt
410 2188 595 2261 deprehensi.
620 2186 671 2246 Dei
695 2193 794 2245 autem
818 2189 913 2262 gratia
935 2187 1008 2245 illud
1064 2190 1150 2256 adde,
1165 2189 1268 2263 gentili
1282 2189 1452 2248 tGentilem
1469 2190 1547 2248 enim
1563 2189 1745 2248 observando
1766 2186 1890 2261 gentilia

181 2277 352 2349 sanctificat,
368 2277 445 2348 quod
466 2277 586 2334 invenit.
600 2278 644 2334 ltu
659 2278 739 2350 quod
754 2278 933 2334 sanctificari
950 2294 1008 2334 nco
1063 2279 1221 2348 exhibebit,
1250 2280 1355 2338 teca
1383 2280 1519 2351 lormem,
1562 2277 1791 2336 exstructionem
1821 2276 1889 2349 (43),

180 2364 287 2437 potuit,
311 2365 500 2424 immundum
525 2373 598 2436 eat,
628 2367 707 2440 quod
739 2367 923 2424 immundum
952 2372 1007 2436 est,
1063 2368 1227 2426 munditias
1256 2369 1425 2442 saeculares,
1454 2368 1614 2426 blandities
1641 2365 1800 2440 turpiores,
1824 2367 1890 2438 ipsa

180 2471 248 2510 cum
264 2459 366 2512 sancto
382 2472 439 2511 non
455 2455 543 2512 habet
561 2459 686 2529 partem,
698 2455 756 2512 nisi
784 2461 817 2514 ut
840 2457 876 2514 de
894 2473 948 2513 auc
962 2456 1008 2513 in·
1062 2459 1150 2514 etiem
1166 2447 1346 2514 matrimonii
1362 2465 1474 2517 secreta
1488 2459 1639 2516 maculosa
1658 2475 1736 2527 ;ncn
1753 2460 1785 2513 ut
1800 2473 1889 2529 penes

181 2543 284 2616 quinat
298 2548 327 2601 et
341 2544 466 2602 occidet.
1062 2551 1181 2604 sanctos
1196 2547 1293 2605 cilicia
1307 2564 1396 2604 senus
1412 2549 1468 2617 (44)
1482 2563 1550 2605 cum
1578 2548 1689 2604 honore
1717 2545 1811 2620 ipsios
1837 2561 1889 2601 ne·

505 2677 621 2736 (ᾺΡΠΤ
636 2677 674 2734 m
1062 2635 1209 2693 cessitatis
1223 2641 1365 2708 tanquam
1376 2636 1432 2693 sub
1447 2636 1540 2694 oeulis
1556 2637 1606 2694 Dei
1623 2635 1756 2693 modeste
1781 2638 1810 2691 et
1825 2649 1888 2690 mo·

678 2718 685 2732 '
1061 2725 1162 2782 derata
1176 2725 1382 2798 transiguntur
1398 2725 1465 2798 (45).

216 2811 282 2868 ileu
295 2827 363 2868 cum
375 2809 417 2867 ita
431 2809 503 2879 sint,
518 2809 619 2867 tideles
642 2809 798 2884 gentilium
818 2810 1007 2869 matrimonia

181 2901 344 2958 subeuntes
359 2898 456 2973 stupri
471 2915 534 2956 reos
550 2915 615 2956 esse
625 2904 743 2957 constet
761 2903 790 2956 et
811 2900 956 2957 arcendos
968 2901 1005 2958 ab
1399 2867 1516 2926 CAPUT
1531 2867 1578 2924 lv·

180 2989 260 3046 omni
273 2988 541 3046 communicatione
557 2986 758 3060 lraternilatis,
768 3005 802 3046 ex
817 2988 1005 3062 litterisltpo·
1096 2991 1151 3049 Sed
1163 2990 1280 3059 viderit,
1296 2992 1422 3065 qualiter
1434 2991 1494 3049 viro
1509 2992 1607 3049 olllcia
1625 2990 1744 3064 pendat,
1760 2989 1884 3047 Domino

178 3078 391 3150 stolidieentis,
405 3096 468 3136 cum
488 3077 625 3152 ejusmodi
652 3095 701 3136 uec
724 3079 817 3135 citum
840 3079 1005 3136 sumendum
1059 3085 1137 3138 certe
1153 3097 1210 3138 uon
1225 3086 1319 3154 potest
1332 3099 1384 3154 pro
1398 3081 1554 3153 disciplina
1574 3079 1753 3146 satisfacere,
1769 3078 1883 3136 habene

176 3168 200 3240 (l
215 3171 280 3227 (lor.
296 3169 449 3241 v,11).sut
463 3168 605 3240 numquid
618 3167 735 3224 tabulas
750 3167 1003 3240 nuptialesdaillo
1058 3167 1088 3224 in
1117 3168 1207 3226 latere
1229 3169 1338 3226 diaboli
1360 3187 1489 3236 servum,
1518 3173 1737 3240 procuratorem
1767 3167 1883 3223 bomini

178 3259 257 3330 apud
273 3257 405 3313 tribunal
420 3258 524 3316 teca
540 3256 657 3314 Domini
675 3257 856 3329 proleremua
869 3257 883 3312 ‘l
897 3263 926 3313 et
941 3273 1002 3314 ma·
1019 3245 1041 3312 G
1059 3258 1106 3316 eui
1122 3259 1158 3314 ad
1173 3257 1361 3330 impedienda
1375 3257 1507 3314 fidelium
1523 3257 1622 3314 studia
1636 3262 1666 3313 et
1676 3257 1790 3314 cilicia:
1809 3255 1880 3312 utel

179 3347 354 3404 trimonium
366 3346 419 3404 rite
430 3352 612 3404 contractum
637 3347 660 3382 ¹⁹
686 3344 905 3420 allegabimus?
927 3348 1002 3419 quod
1058 3347 1295 3405 statiolacicnda
1321 3352 1375 3415 eal,
1404 3347 1530 3404 maritus
1557 3348 1592 3403 de
1620 3347 1668 3403 die
1695 3345 1832 3402 condicat
1845 3344 1882 3399 ad

178 3435 272 3493 vetuit
287 3437 350 3510 ipse
366 3436 433 3509 (ll),
449 3453 506 3493 non
523 3435 700 3493 adulterium
717 3440 762 3492 eat
775 3435 789 3492 l
803 3435 882 3508 quod
906 3435 1003 3508 prohi-
1057 3436 1179 3494 balneas
1194 3437 1250 3510 (lo)
1267 3456 1275 3509 ;
1291 3436 1316 3493 si
1327 3436 1444 3510 jejunia
1458 3436 1641 3493 observande
1656 3439 1737 3507 aunt,
1757 3433 1884 3491 maritus

178 3525 340 3596 bitunrest,
368 3543 428 3582 non
451 3531 591 3599 stuprum
614 3533 660 3583 est
682 3525 697 3580 l
722 3525 858 3582 Extranei
873 3524 1004 3584 bominis
1058 3529 1161 3585 eadem
1175 3527 1223 3584 die
1245 3525 1410 3586 convivium
1439 3530 1593 3598 exerceat3
1609 3525 1635 3582 si
1663 3523 1881 3599 procedendum

901 3679 1004 3742 Variae
1024 3679 1182 3742 lectiones.

214 3803 237 3842 ¹·
250 3805 315 3862 llaec
332 3805 370 3862 W.
387 3801 611 3861 matrimonium
626 3801 681 3859 rite
695 3805 879 3859 contractum
891 3801 990 3860 desum
1005 3803 1035 3860 tc
1049 3804 1092 3862 ed.
1107 3805 1213 3877 Ripctt.

901 3944 1164 4006 Commentarius.

214 4070 270 4141 (41)
295 4069 427 4142 rt'cnqutd
450 4071 558 4128 tutatus
594 4067 738 4142 nuptiales
766 4067 812 4123 dr'e
848 4067 903 4124 ruo
931 4069 1004 4140 apud
1059 4069 1206 4126 Laedentes
1217 4067 1308 4142 igitur
1321 4085 1439 4126 carnem
1453 4066 1553 4138 istam,
1571 4069 1661 4124 Deum
1689 4063 1824 4123 ledimus
1845 4066 1881 4122 de

177 4141 303 4198 tribuual
319 4143 431 4198 coartet
444 4145 643 4214 proferemus?
669 4149 695 4197 ct
721 4140 903 4212 allegabimus
930 4141 1004 4212 quod
1059 4139 1191 4214 proximo
1207 4142 1385 4224 quicarnem
1401 4142 1465 4213 ejus
1494 4139 1641 4204 laedimus,
1667 4155 1785 4195 carnem
1809 4154 1880 4194 san·

176 4215 671 4286 uetuitipsetltrantscilicetque
699 4212 813 4268 maritis
840 4228 897 4268 nou
922 4212 1003 4268 chri·
1057 4213 1146 4284 guine
1163 4215 1257 4294 ipsius
1273 4213 1465 4286 redemptam.
1494 4212 1560 4268 Haeo
1588 4209 1879 4268 omninoluitmeus

176 4283 267 4340 atiani
282 4286 437 4348 nuberent,
449 4303 482 4341 ac
499 4285 692 4342 nthlominus
707 4283 738 4340 in
757 4282 881 4341 Domino
893 4285 1003 4340 nubere
1057 4283 1242 4342 Tertulliani.
1265 4284 1328 4340 llio.

176 4355 349 4412 crederent:
365 4356 620 4427 nuptiisvidelicet
632 4355 723 4428 iustis
744 4372 777 4410 ac
806 4354 957 4427 legitimis,
974 4362 1003 4412 et
1092 4357 1148 4427 (42)
1162 4355 1237 4423 Quod
1250 4358 1348 4422 arium,
1364 4371 1418 4410 noir
1433 4371 1529 4410 sumus
1543 4355 1642 4411 nostri.
1666 4352 1758 4410 Vetus
1786 4366 1881 4408 exem-

176 4427 338 4482 libarorum
356 4429 592 4496 quaerendorum,
613 4445 671 4484 non
700 4425 844 4492 libidinis,
870 4442 1000 4494 caussa,
1057 4426 1132 4500 plar,
1171 4427 1247 4495 Quod
1295 4431 1375 4483 aciat.
1423 4427 1627 4493 scribendum,
1678 4423 1748 4498 quod
1795 4423 1880 4489 scies,

175 4515 279 4555 verum
295 4499 383 4553 hosce
398 4498 508 4556 colores
536 4499 623 4555 diluit
650 4497 858 4569 Tertullianus,
879 4514 1001 4556 conver·
1055 4499 1110 4567 vel,
1127 4498 1196 4572 quod
1209 4501 1306 4568 scium,
1323 4497 1519 4555 usitatissima
1547 4494 1726 4554 Tertulliano
1742 4493 1879 4562 lormule,

177 4585 289 4640 susque
305 4570 491 4626 eduxeram:
507 4575 570 4627 Non
586 4569 659 4627 satis
674 4573 729 4636 est,
754 4569 861 4641 inquit,
886 4571 939 4627 rite
968 4585 1002 4627 ac
1056 4571 1120 4627 llio.

176 4641 309 4714 legitime
324 4639 845 4715 nupsisse,etconjugiilidemaancte
859 4641 1001 4725 coluissa3
1104 4642 1147 4711 43)
1167 4641 1307 4706 Formam,
1336 4642 1544 4697 astructionem.
1570 4637 1803 4695 Exstructionem
1831 4636 1878 4692 in-

178 4729 232 4768 nec
260 4712 315 4769 tibi
344 4729 465 4769 oausam
497 4719 565 4770 ante
594 4711 710 4769 bomini
736 4712 864 4769 tribunal
894 4695 1094 4770 diesnnDtel
1107 4714 1153 4786 ige
1168 4711 1266 4786 capilli
1281 4713 1431 4774 struidem,
1462 4716 1646 4784 suggestum,
1673 4726 1732 4783 quo
1751 4713 1817 4767 lov.
1845 4709 1875 4765 in

177 4783 341 4856 quidquam
358 4784 486 4857 proderit
500 4784 615 4842 tabulae
630 4784 777 4858 nuptiales
791 4785 1002 4870 prolerre,nam
1056 4785 1097 4842 6:
1115 4786 1207 4841 Altum
1219 4784 1338 4854 aedificat
1352 4790 1443 4856 caput.
1460 4787 1521 4839 llio.

177 4853 473 4928 tabulasallegando,
489 4854 815 4930 conjugiumallcgabie
844 4873 911 4914 cum
938 4857 1005 4913 inll-
1092 4857 1149 4929 (44)
1164 4857 1195 4914 ur
1219 4871 1303 4930 perrea
1333 4855 1647 4927 sanctcccsfieiasecus.
1676 4856 1732 4909 eto.
1759 4857 1799 4909 lte
1824 4851 1879 4908 hac

178 4926 236 4984 deli
253 4933 302 4985 :et
316 4927 491 5000 allegatione
506 4934 558 4985 tua
577 4933 605 4986 te
631 4929 726 5001 ipsam
750 4927 905 4986 damnabis
933 4945 1003 5002 pec·
1055 4929 1203 4998 vocejam
1228 4926 1371 4994 diximus,
1400 4925 1447 4982 hic
1476 4933 1574 4983 autem
1604 4941 1656 4998 per
1678 4923 1772 4997 officio
1799 4940 1880 4980 secus

178 4999 249 5065 cati,
264 5001 342 5072 quod
359 5000 460 5058 evitari
476 5000 618 5058 Dominus
635 5017 687 5073 per
714 4999 1000 5072 Apostolumjussit.
1055 4999 1195 5073 intelligit
1230 4997 1312 5073 ἁγνὴν
1353 4997 1532 5072 ἀναστροφὴν,
1571 4999 1657 5054 citam
1684 4997 1879 5063 castissimum,

178 5069 528 5144 Quideoimhisverbis,
546 5074 661 5130 Tantum
684 5072 714 5129 in
741 5071 1002 5132 dominumtuum
1057 5076 1090 5127 ut
1113 5076 1158 5127 est
1171 5071 1249 5146 apud
1279 5071 1311 5127 B.
1341 5069 1457 5127 Petrum
1488 5069 1578 5144 Epist.
1609 5069 1714 5142 prioris
1742 5085 1806 5141 cap.
1836 5085 1878 5125 nr.

178 5147 265 5214 putas
279 5144 293 5198 ‘t
307 5143 492 5201 Adulterium
507 5145 521 5200 l
535 5143 600 5201 Hac
615 5144 672 5202 alio
687 5141 806 5216 quidem
819 5141 895 5216 legis
909 5144 1003 5215 capite
1057 5143 1096 5199 ha
1110 5143 1162 5199 Pa.

177 5218 324 5285 vetantur,
338 5231 396 5272 non
412 5215 478 5283 isto,
495 5215 691 5285 Christianus,
722 5231 773 5271 seu
803 5216 857 5283 vir,
885 5231 938 5272 seu
964 5215 1002 5271 le·
1091 5213 1148 5284 (45)
1178 5214 1318 5285 Tanquam
1346 5211 1398 5267 sud
1426 5212 1512 5268 caralis
1539 5213 1589 5269 cer·
1615 5211 1735 5269 modeste
1749 5222 1774 5268 et
1788 5210 1879 5267 moda·

178 5287 269 5355 mina,
286 5285 432 5357 templum
446 5287 496 5343 Dei
510 5291 565 5342 est.
588 5288 708 5344 Femina
730 5286 908 5352 Christiana,
938 5301 1002 5357 quer
1056 5287 1324 5355 rutetrcusigcntur
1349 5284 1720 5341 lneamdcmaententiam
1739 5283 1878 5351 Hierony·

176 5359 240 5413 viro
256 5357 341 5414 nubit
355 5376 413 5415 non
429 5356 602 5426 Christiano,
618 5358 761 5430 templum
782 5358 833 5415 Dei
859 5356 1001 5416 contami·
1057 5373 1135 5423 mus,
1165 5358 1196 5412 in
1224 5357 1312 5426 Epist.
1341 5355 1377 5409 cd
1408 5357 1510 5423 Titum,
1539 5373 1602 5428 cap.
1632 5371 1676 5412 ιιι
1710 5377 1723 5408 a
1748 5353 1784 5409 Ut
1811 5369 1878 5408 cum

178 5428 243 5485 nari
257 5434 285 5485 et
299 5429 449 5500 inquinari
464 5427 655 5512 patitur:imc
670 5431 798 5502 turpius,
811 5446 900 5502 quam
916 5426 1002 5484 adol·
1057 5427 1168 5498 pudore
1183 5430 1212 5483 et
1227 5427 1412 5494 verecundia,
1433 5433 1462 5484 et
1478 5431 1562 5500 quasi
1578 5426 1760 5507 necessitate
1780 5439 1878 5492 sexus,

177 5510 252 5558 tere.
268 5501 379 5572 Nempe
390 5501 477 5557 aliem
504 5499 558 5555 viri
587 5499 729 5556 admissio
754 5500 897 5574 templum
927 5499 1001 5557 illud
1056 5498 1595 5572 reddalpotiusdebitumrlroquam
1624 5497 1689 5570 ipsa
1717 5502 1814 5567 exigat
1841 5497 1878 5551 ab

179 5573 279 5630 minus
291 5573 389 5636 violat,
407 5574 506 5628 minus
522 5571 654 5628 membra
667 5571 776 5628 Christi
786 5572 1001 5643 commembris
1056 5585 1101 5636 eo,
1113 5574 1141 5625 et
1155 5585 1243 5641 opera
1255 5571 1411 5628 liberorum
1423 5568 1653 5628 anteoculoeDei
1663 5573 1691 5624 et
1704 5567 1877 5640 angelorum

178 5642 319 5704 adulterae
335 5643 515 5701 commiscet.
531 5642 613 5707 Quod
641 5646 675 5698 ut
701 5640 779 5698 scias
793 5659 826 5699 ac
847 5643 1002 5717 diligenter
1055 5658 1108 5716 per
1129 5647 1224 5698 etrare
1239 5659 1271 5699 se
1285 5644 1393 5700 credet.
1411 5667 1425 5695 n
1441 5644 1502 5700 llio.
1653 5691 1656 5699 .

179 5716 346 5792 perpendes
375 5714 464 5771 etiam
483 5719 572 5787 atque
600 5712 687 5771 eliam
717 5710 791 5769 volo.
806 5716 871 5770 Non
896 5730 1001 5772 eumue
1092 5658 1146 5784 (fot
1172 5713 1287 5770 liariter
1308 5713 1404 5772 dedic
1431 5714 1556 5774 cendunt
1580 5711 1615 5768 cd
1644 5710 1768 5770 balneus.
1783 5709 1876 5768 Vetus

181 5787 298 5859 nostri;
316 5787 366 5846 sed
382 5786 477 5862 pretio
491 5785 590 5860 empti,
605 5788 633 5844 et
647 5783 767 5860 quidem
781 5784 925 5858 sanguina
939 5786 1000 5845 Dei.
1054 5785 1213 5860 exemplar,
1230 5784 1370 5845 dmcedct.
1386 5785 1450 5844 lira.
