4152 6192
93 267 95 271 ·
198 238 275 304 {30³
460 218 733 306 ‘rennuentem
754 245 919 308 OPERUM
939 245 1040 307 PARS
1063 239 1296 308 t.-sttttttes
1321 245 1360 320 il,
1383 213 1623 310 nonnullus.
1690 305 1696 310 .
1821 247 1898 310 ldOl

419 372 537 430 uaPttT
552 371 718 433 ULTtllUlt
734 377 798 449 (21).
1033 375 1141 448 gipso
1157 375 1260 434 mortis
1270 375 1376 433 itinere
1386 376 1616 451 voeare,debilss
1626 377 1798 449 reformare,
1809 393 1902 452 egros

172 457 178 532 ,⁸
234 461 308 529 Quid
324 460 535 520 enimoratioui
550 462 587 520 de
598 462 703 536 spiritu
715 468 744 522 et
756 465 877 523 veritate
890 463 1019 522 venienti
1073 464 1246 536 remediare,
1262 465 1460 524 demoniacos
1480 465 1608 539 expiere,
1623 465 1752 524 eleuare
1775 466 1901 524 οαιοοιίο

127 539 131 558 ’
200 551 316 625 negavit
330 550 418 621 Deus,
435 552 485 625 qui
501 567 565 610 eam
581 553 693 627 exigit?
708 554 859 628 Legimus,
884 558 913 611 et
935 552 1020 610 audi·
1074 553 1197 625 aperire,
1218 553 1337 611 vinnula
1358 554 1561 612 innocentium
1585 554 1708 612 solvere.
1724 555 1835 612 bladam
1857 555 1901 612 di·

200 642 310 711 mus‚et
319 639 593 713 oredimus,qusnta
607 643 784 701 documenta
798 644 933 702 elfieaoie
945 643 1020 715 ejus.
1073 640 1130 699 luit
1144 642 1262 714 delleta,
1275 643 1454 701 tentationes
1477 642 1601 716 repellit,
1617 644 1837 716 persecutiones
1853 660 1901 700 ex·

198 729 290 802 Vetus
306 728 426 802 quidem
439 730 531 787 oratio
546 734 576 787 et
594 731 630 788 ab
644 731 775 804 ignibus,
790 732 977 804 etabestiis,
992 734 1022 787 ot
1075 728 1210 803 stinguit‚
1240 730 1443 804 pusillanimes
1480 731 1659 804 consoletur,
1696 733 1901 804 magnanimos

200 819 236 876 ab
250 818 351 876 inedia
364 818 518 891 liberabat,
534 823 562 876 et
576 823 674 878 nmen
689 836 747 877 non
775 820 922 878 schristo
942 835 1022 877 aooe·
1076 817 1212 890 obleotnt,
1235 821 1455 894 peregrinantes
1484 819 1615 888 deducit,
1639 824 1745 878 ttuotus
1774 820 1902 894 mitigat,

202 911 284 981 perat
297 909 432 966 formam.
453 909 592 965 Ceterum
610 913 718 982 quanto
740 907 869 984 emplius
885 910 941 983 (22)
956 926 1021 967 ora·
1075 906 1205 965 latrones
1228 909 1435 982 obstupefacit,
1451 907 1503 966 alit
1525 925 1681 982 pauperes,
1697 909 1772 982 regit
1785 909 1901 977 divites,

96 1030 104 1046 ·
200 1002 250 1054 tur
264 997 356 1056 oratio
371 997 618 1068 Christianorum,
634 1015 692 1056 non
709 1000 785 1057 roris
812 999 949 1072 angelum
965 998 1022 1072 (23)
1075 994 1176 1070 lapsos
1190 997 1285 1070 erigit,
1302 999 1439 1056 oadeutes
1454 997 1619 1071 suspendit,
1634 1003 1749 1056 stantes
1762 998 1901 1054 eontinet.

199 1086 229 1143 in
245 1086 350 1144 mediis
365 1087 483 1160 ignibus
499 1087 589 1156 sistit,
605 1103 658 1145 neo
668 1104 719 1146 ora
734 1087 869 1145 leonibus
884 1087 1021 1157 obstruit,
1076 1085 1171 1142 Oratio
1191 1101 1295 1143 murus
1309 1091 1354 1144 est
1368 1087 1436 1144 fidei
1451 1101 1534 1142 arms
1548 1090 1578 1143 et
1591 1085 1649 1144 teia
1672 1102 1726 1143 nos
1740 1090 1787 1142 tra
1800 1087 1903 1143 adrer-

116 1229 117 1236 ,
163 1171 166 1180 “
200 1191 254 1233 neo
268 1174 468 1234 sarientibus
483 1176 660 1232 rustioorum
686 1177 845 1249 prandiam
869 1177 1022 1244 transfert,
1076 1174 1293 1232 susbominom
1310 1176 1377 1248 (27),
1394 1176 1514 1250 quinos
1538 1173 1669 1248 undique
1686 1175 1832 1232 observat.
1849 1177 1904 1231 lta·

200 1264 315 1322 nullum
331 1280 452 1322 sensum
467 1263 614 1338 passionis
629 1264 761 1337 delegata
784 1264 880 1338 gratia
899 1264 1022 1336 avortit3
1077 1279 1134 1336 que
1149 1279 1302 1337 nunquam
1327 1263 1467 1321 intermes
1490 1263 1672 1321 innodamus.
1689 1263 1740 1320 ilie
1754 1262 1900 1332 stationis,

200 1351 252 1411 sed
267 1354 424 1427 patientes,
439 1357 468 1410 et
482 1354 653 1424 sentientes,
678 1358 708 1410 et
729 1352 862 1411 dolentes
878 1353 1023 1410 sullereu-
1077 1357 1161 1410 noete
1175 1353 1281 1428 vigilis
1306 1353 1533 1411 meminerimus
1546 1353 1612 1426 (28).
1637 1353 1697 1410 Sub
1721 1351 1813 1409 armis
1836 1369 1901 1410 ora·

200 1441 242 1499 tia
254 1441 386 1515 iustruit,
400 1441 509 1499 virtute
523 1440 647 1514 ampliat
662 1441 800 1516 gratiam,
815 1445 848 1498 ut
863 1441 937 1498 sciat
950 1441 1023 1498 tides
1076 1441 1166 1498 tionis
1181 1441 1300 1515 siguum
1316 1442 1409 1500 nostri
1419 1441 1607 1517 imperatoris
1617 1442 1821 1499 eustodiamus
1833 1458 1841 1510 ;
1855 1443 1900 1497 tu-

201 1531 273 1604 quid
289 1530 444 1588 aDomiuo
466 1535 673 1605 consequetur,
697 1530 865 1604 intelligens
886 1530 955 1605 quid
971 1546 1023 1602 pro
1076 1531 1145 1588 bom
1161 1530 1257 1604 augeli
1282 1535 1495 1603 exspectemus.
1511 1535 1632 1588 Orontes
1647 1534 1731 1588 erant
1745 1531 1834 1588 etiam
1849 1547 1903 1587 an-

98 1675 101 1680 .
202 1621 253 1678 Dei
269 1619 388 1678 nomine
402 1619 542 1694 patiatur.
559 1621 614 1676 Sed
629 1625 656 1677 et
673 1624 750 1677 retro
765 1620 856 1678 oratio
871 1619 973 1693 plagas
983 1619 1023 1674 ir·
1078 1618 1134 1694 geli
1150 1635 1263 1677 omnes.
1279 1620 1348 1677 Orat
1373 1620 1470 1678 omnis
1491 1624 1634 1679 ereatura.
1650 1621 1742 1678 Orant
1765 1621 1902 1693 penades,

202 1709 333 1782 rogabat,
348 1709 491 1765 tundebat
505 1708 635 1766 bostium
651 1709 950 1782 exereitus,imbrium
966 1707 1022 1764 uti·
1077 1713 1107 1765 et
1121 1709 1197 1779 iere,
1212 1713 1241 1765 et
1255 1725 1350 1782 genua
1379 1709 1538 1777 declinant,
1551 1715 1580 1766 et
1593 1709 1778 1783 egredientes
1793 1708 1830 1765 de
1844 1711 1904 1764 sta·

202 1800 243 1857 lia
257 1799 431 1873 prohibebat
445 1798 512 1872 (24).
532 1799 616 1855 Nuno
630 1814 698 1856 vero
717 1798 809 1856 oratio
830 1798 952 1871 justitie
967 1814 1025 1855 om·
1079 1797 1158 1854 bulis
1181 1813 1215 1854 ao
1239 1797 1398 1871 speluncis,
1414 1799 1450 1854 ad
1473 1799 1580 1855 eaelum
1594 1815 1652 1855 nou
1678 1797 1764 1855 otiosi
1778 1814 1829 1854 ore
1846 1797 1904 1870 (29)

203 1905 269 1948 uem
283 1889 359 1946 iram
374 1886 426 1945 Dei
442 1887 555 1959 avertit,
584 1905 636 1961 pro
661 1887 790 1944 iuimiois
814 1887 949 1959 excubat,
974 1904 1025 1960 pro
1079 1886 1255 1959 suspiciunt,
1271 1887 1419 1944 vibrantes
1439 1887 1493 1961 (30)
1508 1887 1613 1960 spiritu
1629 1903 1682 1945 suo
1706 1901 1831 1943 movere.
1847 1885 1903 1942 Sed

203 1977 449 2052 persequentibus
463 1975 619 2049 suppliost.
643 1977 750 2034 Mirum
775 1977 800 2034 si
825 1994 917 2050 aquas
940 1976 1025 2035 ooele-
1079 1980 1108 2033 et
1122 1991 1190 2032 aves
1204 1991 1283 2032 nuno
1307 1980 1499 2050 exsurgentes
1522 1977 1678 2050 eriguntur
1691 1976 1728 2032 ad
1742 1973 1862 2044 eaelum,
1877 1978 1906 2031 et

85 2105 92 2115 -
202 2072 263 2128 stes
277 2067 334 2140 (25)
349 2069 523 2138 extorquere
538 2065 628 2136 novit,
640 2083 703 2140 quae
719 2067 816 2139 potuit
831 2070 859 2124 et
873 2066 957 2140 ignes
972 2066 1027 2123 im·
1081 2064 1394 2138 alarumoruoempro
1418 2065 1557 2123 manibus
1575 2063 1906 2138 extendunt,etdiount

202 2159 340 2231 patrare?
360 2155 429 2213 Sole
448 2157 495 2212 ost
518 2155 622 2224 oratio,
646 2172 711 2228 qus
736 2159 826 2212 Deum
850 2155 951 2213 vinolt.
967 2157 1025 2214 Sed
1082 2154 1299 2229 aliquid,†qu0d
1323 2153 1415 2212 oratio
1429 2154 1571 2212 videatur.
1588 2153 1662 2222 Ouid
1686 2169 1755 2227 ergo
1779 2151 1907 2226 amplios

202 2244 337 2305 Christus
372 2259 437 2302 eam
476 2242 549 2300 nihil
596 2245 665 2301 mali
704 2244 783 2302 novit
818 2246 872 2318 (23)
911 2244 1026 2319 operari
1082 2245 1118 2301 de
1137 2243 1233 2302 ostiolo
1259 2243 1424 2301 orationis?
1439 2243 1534 2300 liliam
1558 2244 1623 2318 ipse
1647 2242 1789 2302 Dominus
1804 2243 1909 2311 oravit,

204 2337 329 2394 Omnem
354 2332 397 2390 illi
420 2333 558 2393 virtutem
593 2332 629 2391 de
662 2335 738 2392 bono
771 2333 904 2392 eontulit.
925 2338 1027 2407 ltaque
1082 2333 1130 2390 ool
1145 2332 1183 2391 sit
1196 2332 1291 2391 honor
1304 2338 1333 2390 et
1346 2333 1443 2397 virtus
1456 2333 1488 2391 in
1503 2332 1609 2391 soeouls
1624 2331 1810 2390 seculorum.

205 2424 309 2483 1133
333 2421 407 2481 nibil
429 2422 520 2493 novit,
546 2422 602 2479 nisi
626 2423 830 2480 detunctorum
855 2423 969 2481 animas
992 2423 1029 2480 de

924 2549 1185 2614 Commentarius.

314 2673 372 2732 nit.
388 2673 453 2731 eod.
469 2673 565 2730 Murat
581 2691 588 2732 :
605 2674 643 2729 De
667 2675 697 2730 ut
718 2682 746 2732 et
764 2675 863 2748 opertu
886 2677 1031 2732 medonis.
1133 2673 1179 2746 27)
1193 2671 1327 2728 Aduersus
1352 2670 1500 2744 bominem,
1515 2675 1571 2729 stu.
1586 2672 1653 2729 Heu
1677 2687 1777 2729 revera
1797 2672 1834 2728 de
1847 2670 1909 2727 dia-

245 2679 274 2746 (2

209 2676 367 2822 Etsyena
384 2745 577 2803 Soribeudum
595 2761 659 2802 reor
673 2747 781 2818 affeetu,
805 2747 847 2804 ita
872 2747 950 2804 enim
967 2763 1032 2820 qum
1087 2673 1157 2802 buflo
1185 2744 1309 2800 dioenda
1331 2748 1425 2810 erant,
1441 2743 1490 2816 qui
1518 2761 1636 2818 semper
1661 2745 1760 2800 oiroait
1785 2758 1913 2817 ᾳιιιονοιιο

210 2837 242 2878 οο
264 2824 376 2876 uantur
390 2818 578 2891 persuadent.
593 2820 706 2874 linear.
918 2843 921 2850 ·
1087 2833 1168 2889 quem
1182 2816 1302 2872 devoret.
1319 2817 1373 2871 Sed
1411 2830 1448 2870 uo
1466 2816 1535 2887 jure
1559 2816 1697 2872 ltomtaem
1717 2814 1913 2871 Tertullianus

243 2837 300 2965 ?22)
322 2892 457 2950 Ceteram
477 2892 579 2961 pusulo
603 2889 738 2962 amplias,
763 2892 817 2945 eto.
845 2889 912 2946 Vim
927 2889 1033 2946 etslll·
1087 2886 1288 3016 appellasset?
1306 2885 1347 2942 De
1371 2893 1400 2944 st
1424 2887 1498 2970 niuis
1514 2903 1591 3014 'ergo
1619 2886 1803 2961 principibus
1832 2885 1914 2958 loqui

209 2963 320 3022 naniam
334 2960 499 3018 christiano
515 2960 656 3018 orationis
670 2961 881 3018 commendans
896 2977 1034 3032 quorum·
1087 2975 1128 3016 rna
1152 2960 1161 3014 i
1175 2959 1292 3016 videtur
1306 2963 1417 3026 auotor,
1425 2973 1477 3030 qur
1492 2958 1554 3015 urba
1581 2976 1640 3016 non
1655 2959 1809 3027 curabant,
1824 2961 1914 3029 etque

214 3037 282 3094 dam
297 3033 477 3120 objeotiouea
492 3038 663 3116 prevertere
677 3032 804 3117 videtur,
819 3033 870 3104 qui
892 3032 1035 3117 miracula
1088 3029 1571 3114 observabant,utChristianorum
1584 3029 1750 3158 ¹reipublice
1762 3033 1912 3113 nocerent.

211 3104 1033 3260 tttt‘tttttasttttttttttttltlb,till
1049 3104 1070 3171 ⁰
1089 3101 1915 3255 lttttetltttttotlnttltrtmtttrtlttn

215 3267 249 3308 ea
263 3249 406 3322 quidami
431 3266 463 3306 sa
478 3248 622 3322 prodigio,
638 3248 687 3304 sed
713 3247 770 3304 alra
784 3265 843 3305 uon
859 3251 973 3305 minora
983 3265 1036 3332 per
1087 3245 1204 3303 Christo
1232 3250 1274 3300 art
1296 3244 1326 3300 S.
1352 3244 1478 3317 Marone,
1502 3254 1528 3302 at
1556 3245 1753 3302 observabant
1779 3259 1853 3311 eam,
1868 3240 1914 3296 aot

213 3322 375 3380 orationem
392 3267 566 3379 CEristisuis
581 3320 902 3392 prestarilegendnm
933 3322 1035 3377 uiuruo
1087 3315 1257 3391 παρετήρουν
1274 3313 1363 3399 οὔτὸ),
1380 3332 1423 3384 111,
1438 3317 1465 3372 2.
1481 3316 1537 3372 Sed
1562 3316 1683 3374 omuino
1699 3315 1856 3398 legend-um
1870 3319 1915 3398 ast

215 3394 340 3452 arbitror
365 3411 372 3451 ι
395 3394 453 3450 Noa
478 3394 549 3448 roris
571 3392 700 3462 ungulam
724 3391 872 3458 duntaxat,
897 3337 964 3458 οἷο,
987 3393 1035 3448 sed
1089 3391 1193 3447 eornm
1209 3403 1260 3458 pro
1275 3387 1413 3443 tarmonem
1427 3403 1495 3444 eum
1512 3386 1548 3444 ol.
1564 3387 1720 3456 Oberthur,
1733 3403 1785 3514 (Lar
1799 3403 1831 3441 an
1851 3387 1915 3442 edr-

215 3467 302 3524 eliom
315 3466 460 3548 pollentes,
474 3467 582 3529 eto.‚ut
592 3463 631 3519 sit
645 3479 750 3518 sensus
767 3481 774 3520 :
791 3467 854 3520 Non
870 3479 905 3520 es
919 3468 1034 3519 tantum
1088 3463 1168 3519 tione
1183 3474 1237 3516 sua
1253 3457 1299 3516 SS.
1323 3463 1442 3515 Petram
1464 3461 1627 3516 Latinorum
1643 3459 1739 3516 Wiroe
1763 3473 1828 3530 urg.
1845 3457 1915 3513 1788

214 3537 447 3620 Obristrnnortrm
464 3535 599 3618 preoibus
615 3533 1035 3622 miraoulsimpetrautur,que
1090 3533 1162 3590 suite
1177 3531 1232 3587 boo
1247 3529 1382 3615 conjecit.
1398 3530 1512 3588 Conier.
1526 3531 1691 3614 et'iuterius
1704 3529 1915 3602 scyprisnum

215 3604 1036 3753 tttttettttttttttntt{ltaltt'tlttntlt
1089 3601 1916 3758 ttttttlltnttttettttllttnlttn

215 3767 280 3824 que
299 3749 476 3821 sentiuntur,
503 3765 625 3822 quamn
651 3750 808 3807 tormentis
837 3749 965 3807 liberari.
981 3751 1034 3808 Cui
1091 3748 1183 3810 aiunt.
1197 3745 1336 3802 editionis
1359 3743 1494 3803 Halensrs
1523 3746 1588 3802 sine
1616 3749 1694 3803 nour
1717 3760 1744 3801 οι
1772 3745 1915 3815 subrectas

215 3822 447 3896 interpretationi
460 3821 625 3879 eonsentire
639 3820 774 3878 uidentur
793 3826 857 3879 tum
873 3822 1035 3895 superiora,
1090 3817 1234 3891 repetivit,
1259 3816 1341 3873 nulla
1355 3815 1412 3874 alia
1424 3821 1528 3889 proter
1550 3817 1627 3876 bauo
1650 3817 1851 3890 oonjeoturam
1867 3816 1916 3872 ob·

214 3899 277 3952 tum
292 3894 505 3968 subsequentia
517 3894 605 3950 verba
621 3897 708 3966 atqua
722 3893 865 3966 exempla.
884 3895 1036 3968 Utcunque
1090 3891 1253 3950 servatione
1268 3889 1389 3970 ndjsota.
1406 3888 1518 3946 Rourn.

213 3972 312 4025 tamen
328 3982 344 4023 ο
357 3967 460 4023 vitioso
472 3966 571 4024 eodioe
586 3965 729 4036 oonjioore
747 3965 906 4037 possimus,
923 3972 1035 4024 eertum
1127 3963 1183 4034 (28)
1198 3963 1283 4043 Nocte
1296 3961 1403 4044 ulpilsee
1425 3961 1641 4044 meminerimus.
1656 3961 1762 4042 Attum
1787 3973 1915 4032 agerem·

214 4043 259 4098 est
274 4058 291 4097 a
304 4038 485 4096 Tertulliano
510 4038 617 4094 eximis
642 4038 865 4095 oommemorari
890 4039 1036 4112 prodigia,
1092 4035 1117 4091 si
1132 4035 1169 4090 de
1183 4030 1351 4104 vigiliarum
1375 4047 1404 4087 ιο
1421 4031 1550 4088 boolesra
1573 4032 1625 4088 Dei
1636 4034 1813 4103 antiquitate
1831 4045 1915 4086 mau-

215 4129 279 4181 quae
295 4127 347 4183 per
360 4111 542 4168 Christianos
555 4115 672 4167 orantes
682 4125 698 4166 ο
708 4110 779 4166 aoeto
791 4110 1035 4182 impetrabantur.
1091 4107 1161 4163 dare
1176 4101 1280 4160 litteris
1303 4102 1413 4174 aliquid
1428 4103 1544 4160 vellem.
1561 4103 1604 4159 Ad
1628 4118 1693 4158 eam
1717 4107 1817 4186 tomen
1832 4101 1916 4157 lusu·

214 4185 327 4242 idunan.
1091 4177 1199 4234 leutius
1215 4174 1397 4248 probandam
1413 4191 1471 4230 nou
1486 4190 1590 4246 parum
1602 4174 1730 4230 conteret
1743 4173 1790 4230 tuo
1804 4171 1917 4230 Tertul-

251 4256 307 4327 (23)
323 4259 382 4314 lton
397 4255 470 4310 roris
482 4252 623 4335 angelum.
639 4256 711 4308 tium
736 4252 885 4324 angelum,
932 4252 961 4308 ui
977 4255 1037 4310 tres
1090 4248 1162 4307 liaui
1177 4246 1273 4304 loeus.
1292 4250 1398 4331 Eorum
1415 4251 1514 4330 autem
1538 4245 1745 4330 confidentiam
1769 4245 1917 4317 preterire

215 4343 333 4402 pueros,
349 4324 437 4383 veluti
453 4325 567 4381 roserdo
591 4323 684 4380 imbre
726 4325 850 4389 ertusos,
875 4269 1037 4381 inffornooe
1092 4317 1916 4404 nonupossum,qu1vigiliarumrustrtutronemexus·

216 4397 352 4463 servavit,
373 4397 443 4454 roris
467 4397 598 4466 eupolum
622 4340 758 4468 appelfat.
792 4396 900 4452 Eodem
925 4394 1038 4453 soiliost
1091 4395 1227 4450 oossrtate
1243 4391 1361 4459 lautam,
1376 4405 1410 4444 ao
1425 4392 1570 4446 servatam
1586 4388 1682 4446 tribus
1696 4403 1802 4471 primas
1822 4385 1917 4444 Euole-

216 4472 303 4527 modo
318 4469 384 4528 aliis
397 4467 510 4540 augelis
525 4469 561 4525 ab
578 4467 723 4540 aliquare
742 4471 834 4538 gesta,
862 4469 914 4522 aut
938 4467 1037 4539 aitqua
1052 4475 1076 4540 Ι)
1092 4466 1141 4522 sie
1157 4460 1270 4519 seculis
1284 4461 1436 4528 soribuot;
1451 4477 1519 4518 oum
1534 4459 1612 4517 euim
1633 4460 1727 4531 (aiunt
1741 4458 1794 4531 rllit
1810 4475 1913 4516 eonve-

217 4556 459 4598 mnuersuomeu
476 4540 627 4612 imposuit.
642 4539 776 4610 Angelum
799 4539 932 4596 motionis
947 4555 1039 4612 supra
1092 4531 1464 4616 nireinterdiucbristioui
1480 4547 1538 4590 uon
1559 4536 1680 4604 possent
1700 4547 1760 4605 pre
1785 4547 1914 4604 pagano·

216 4612 401 4680 nominavit;
426 4613 543 4682 Angelos
568 4609 757 4668 matrimonio
782 4611 953 4682 prepositos
979 4627 1037 4668 me·
1092 4624 1158 4664 rum
1176 4602 1501 4672 timore,b1noleetum
1516 4609 1561 4660 est
1585 4606 1617 4659 ut
1631 4605 1717 4660 noctu
1737 4605 1914 4660 oouaentum

216 4690 313 4740 morat
327 4683 378 4740 lib.
395 4701 426 4753 n,
442 4685 477 4740 sd
496 4683 593 4746 Uxor..
608 4698 670 4754 usp.
683 4681 804 4748 ultimo;
821 4683 957 4752 Angelum
971 4684 1036 4755 bap·
1091 4677 1281 4744 celebrarent,
1296 4673 1449 4800 vigilantes
1464 4676 1493 4760 in
1520 4675 1651 4732 oratione
1674 4679 1703 4758 et
1725 4674 1754 4730 iu
1778 4673 1915 4731 laudibus

216 4757 295 4813 tirmi
308 4755 360 4812 lib.
374 4755 407 4810 de
425 4759 502 4825 sapt.
519 4771 583 4827 oap.
599 4757 618 4811 5
632 4758 661 4810 et
674 4755 702 4808 6.
718 4759 747 4810 et
762 4755 906 4826 Angelum,
923 4755 971 4810 oni
987 4753 1037 4810 ho·
1092 4748 1208 4808 divinis.
1225 4750 1322 4818 Atqui
1354 4746 1516 4829 evidentius
1526 4763 1614 4828 quam
1626 4751 1655 4802 ot
1664 4747 1770 4802 diurno
1785 4751 1915 4819 temporo

217 4827 307 4884 minis
323 4826 353 4883 iu
369 4833 451 4882 utero
479 4826 625 4882 formandi
649 4829 694 4883 est
718 4842 799 4894 oure,
823 4826 957 4882 nominat
971 4827 990 4882 l.
1006 4825 1039 4883 ds
1092 4822 1128 4879 ad
1143 4816 1302 4876 Ecclesiam
1319 4814 1423 4874 coiisse
1445 4816 1628 4874 Christrauos
1641 4816 1686 4874 vel
1700 4817 1776 4890 ipsis
1790 4819 1915 4875 tribuas

215 4899 329 4957 Ammo.
345 4914 368 4954 o.
385 4897 430 4954 37.
446 4901 558 4954 Musar.
1091 4893 1205 4950 cbristo
1220 4894 1288 4946 nalo
1303 4888 1435 4945 seculis!
1454 4890 1485 4946 td
1500 4889 1571 4946 satis
1607 4889 1711 4946 rabant
1725 4906 1792 4961 qus
1806 4891 1844 4947 de
1859 4893 1914 4946 ata·

253 4971 309 5044 (et)
325 4969 456 5026 lmtriam
471 4968 554 5025 alitia
568 4967 738 5040 prohibebat.
754 4967 877 5034 Ouaudo
892 4966 940 5024 hio
956 4983 1048 5024 men·
1090 4963 1221 5024 tionibus
1234 4959 1359 5018 breviter
1374 4975 1437 5034 ego,
1453 4961 1549 5019 fusius
1570 4905 1631 5028 sin,
1647 4961 1838 5018 adnotarunt.
1854 4961 1914 5017 llu-

217 5044 288 5100 dum
310 5059 368 5099 uon
389 5041 490 5111 lateat,
514 5040 658 5112 explicare
681 5055 849 5113 possumus,
875 5039 1036 5097 orationem
1090 5055 1153 5096 aar.
1511 5100 1518 5114 .

217 5115 246 5171 iu
272 5129 373 5170 caussa
397 5113 501 5178 luisse,
526 5112 665 5169 usatites
688 5112 798 5169 imbres
822 5109 924 5168 eoosto
938 5110 968 5167 io
985 5111 1036 5168 ho·
1126 5107 1182 5180 (29)
1198 5108 1259 5162 Nou
1280 5103 1361 5159 otiosi
1385 5118 1441 5160 ore.
1457 5101 1651 5185 Sonbsudum
1676 5107 1723 5159 est
1743 5119 1800 5160 noa
1822 5105 1913 5168 otioso,

214 5187 304 5245 stiram
320 5201 389 5243 arva
403 5184 536 5242 fluerent.
554 5185 666 5242 Moser.
1092 5184 1146 5237 aut
1174 5194 1230 5234 noa
1250 5177 1349 5260 otiosae.
1366 5173 1479 5258 Moser.
1496 5203 1530 5215 -
1544 5172 1708 5260 Velrmlego
1723 5189 1913 5247 repausem

251 5259 308 5330 (25)
323 5259 424 5314 iliram
437 5259 463 5312 si
476 5273 562 5328 opnor
589 5257 718 5323 nabatea,
743 5259 798 5312 eto.
823 5255 901 5310 Inter
923 5254 983 5310 beo
999 5255 1037 5310 si·
1090 5255 1172 5310 otiose
1186 5265 1233 5306 ore
1245 5247 1400 5319 respectant
1414 5247 1556 5311 vibrante,
1571 5253 1676 5317 spartta
1689 5261 1739 5302 suo
1762 5251 1912 5329 moreuts3

215 5329 348 5405 gnillcari
364 5329 490 5391 videtur,
507 5331 539 5383 ut
553 5327 623 5384 olim
640 5326 741 5383 monui
765 5328 800 5383 ad
817 5327 846 5383 S.
869 5325 1037 5410 appollina·
1089 5325 1215 5381 uibrante
1229 5335 1281 5392 pro
1305 5318 1441 5375 uibrantes
1456 5323 1485 5375 et
1498 5321 1621 5374 mouente
1646 5333 1698 5389 pro
1713 5333 1823 5374 mouere
1836 5331 1911 5392 post-

215 5419 275 5459 rem
292 5401 369 5473 apud
385 5398 611 5471 RelipoiosSaer.
626 5397 681 5455 vel.
699 5400 720 5466 l,
737 5413 766 5468 p.
783 5397 1034 5469 153,pluvrs,que,
1089 5394 1266 5452 tiallours.
1384 5457 1390 5472 Ι
1448 5459 1454 5470 ·
1539 5458 1544 5471 ι
1643 5459 1649 5471 ι
1723 5460 1729 5471 ¹
1874 5458 1881 5469 ι

215 5479 332 5530 :emtore
347 5473 412 5544 ipso
428 5486 544 5544 quoque
558 5469 737 5526 Tertulliano
752 5470 783 5525 iu
799 5468 855 5526 olio
869 5469 1034 5542 libro,imp.
1125 5465 1182 5534 (30)
1200 5461 1349 5519 throntes.
1363 5463 1392 5514 Sa
1405 5459 1524 5542 quidem
1538 5462 1578 5514 rta
1592 5464 1744 5544 sumpserit
1763 5457 1910 5516 Tertullae·

219 5545 305 5600 blaroi
320 5541 454 5600 Antonini
479 5541 619 5598 exercitui
642 5540 777 5614 preoibus
803 5540 1034 5599 Christianorum
1089 5553 1156 5604 nus,
1172 5536 1226 5592 boo
1240 5530 1360 5589 verbum
1378 5529 1554 5602 explanarem
1574 5529 1629 5586 hae
1652 5535 1788 5598 ratione,
1804 5545 1909 5587 oenon-

215 5617 372 5689 impetrata
385 5617 440 5671 est.
456 5613 566 5669 Roma.
1088 5614 1132 5668 tos
1147 5605 1251 5678 spiritu
1281 5618 1335 5660 suo
1362 5618 1414 5658 ors
1441 5604 1476 5659 ad
1503 5601 1684 5660 laudandum
1707 5607 1799 5660 Deum
1825 5605 1909 5674 atque

252 5687 397 5759 (teliort.
414 5683 471 5756 leg.
487 5683 585 5742 uoluit
600 5685 711 5740 Boura.
1088 5679 1232 5741 orandum
1246 5690 1370 5736 morare.
1386 5673 1502 5734 Musae.
