4056 6180
139 311 194 372 titt
773 309 889 372 tisun
912 311 963 372 an
985 305 1209 387 SGAPULAM.
1781 309 1843 374 '182

139 459 227 500 causa
251 439 448 514 interpellatio
466 440 633 516 sanguinis,
648 440 716 514 (16).
732 439 787 499 Sed
812 445 960 500 memento
975 444 1003 514 Α
1017 437 1720 518 NametPraculumtlhristiannmquii'orpacion
1735 456 1845 516 cogno·

138 533 174 590 de
188 535 293 588 cetero
307 532 374 604 (1ῐ).
1015 530 1193 598 minabatur,
1209 529 1351 588 liuhadee
1381 531 1404 566 ²⁸
1428 536 1657 603 procuratorem,
1681 531 1733 604 qui
1770 547 1840 590 aum

467 620 583 678 CAPUT
599 621 648 679 lV.
1015 635 1067 692 per
1080 620 1178 675 oleum
1206 618 1363 690 aliquando
1394 625 1557 690 curaverat,
1588 619 1750 692 requisivit,
1767 625 1796 678 et
1809 621 1841 678 in

172 711 236 768 Non
260 714 288 768 te
310 714 466 782 terremus,
495 709 545 783 qui
570 727 622 768 nec
650 710 806 767 timemus:
832 709 883 768 aed
911 725 961 765 va·
1014 708 1194 782 palatioeuo
1223 707 1437 781 habuituaqua
1461 709 1497 765 ad
1514 709 1839 782 mortemejnstquem

138 797 189 854 lim
205 803 238 854 ut
265 813 368 855 omnes
386 797 482 856 salvos
509 798 603 856 lacera
629 799 790 870 possimus,
815 798 960 854 monendo
1015 795 1218 853 atAntoninus
1233 795 1344 868 optima
1365 801 1485 854 noverat
1499 797 1573 855 lacte
1589 797 1839 856 Christianoedn·

140 886 179 959 μὴ
196 889 354 961 θεομαχιῖν.
380 887 466 944 Potes
498 891 527 942 et
550 887 647 944 oldaia
663 885 880 960 jurisdictionis
904 891 962 942 tuae
1015 890 1100 942 catus
1116 885 1148 940 V.
1165 885 1262 942 Sedet
1275 885 1457 942 clarissimas
1472 885 1597 944 feminas
1613 893 1642 942 at
1656 885 1839 944 clarissimos

136 976 230 1050 iungi,
246 981 275 1032 at
297 974 491 1032 humanitatis
516 975 699 1046 meminisse,
721 975 766 1032 vel
782 973 852 1046 quia
866 977 895 1030 et
908 989 960 1029 vos
1014 973 1093 1028 viros
1108 973 1231 1030 Severus
1247 972 1345 1029 sciens
1369 972 1459 1044 hujus
1474 980 1558 1030 sectae
1587 990 1662 1046 assa,
1677 990 1736 1031 nen
1751 975 1838 1032 modo

134 1064 190 1122 sub
204 1063 391 1138 gladioeslis.
408 1064 482 1132 Quid
491 1064 571 1121 enim
586 1063 717 1137 emplius
730 1063 784 1120 tibi
792 1064 959 1130 mandatur,
1015 1080 1074 1120 non
1087 1063 1172 1133 lesit,
1182 1079 1283 1119 verum
1298 1067 1327 1118 at
1336 1063 1504 1121 testimonio
1520 1064 1678 1132 exornavit,
1690 1069 1720 1122 at
1731 1064 1839 1138 populo

133 1169 223 1224 quam
233 1156 371 1210 nocentes
385 1153 534 1210 confessos
546 1153 697 1223 damnare,
709 1157 850 1226 negantes
862 1156 960 1208 autem
1016 1152 1124 1208 iuranti
1139 1150 1167 1207 in
1177 1167 1231 1208 nos
1246 1149 1343 1225 palem
1354 1150 1472 1208 restitit.
1488 1152 1603 1210 Marcus
1618 1169 1736 1226 quaqua
1750 1155 1840 1212 Aure·

133 1240 169 1296 ed
187 1243 334 1298 tormenta
356 1241 518 1298 revocarat
534 1239 643 1298 Videtis
658 1257 727 1315 ergo
742 1240 887 1313 quomodo
903 1238 960 1312 ipsi
1015 1239 1073 1298 lius
1085 1240 1116 1297 in
1135 1239 1308 1296 Germanica
1330 1239 1512 1312 expeditione
1531 1239 1765 1300 Christianorum
1781 1242 1840 1298 mi-

133 1345 185 1386 vos
201 1333 305 1387 contre
334 1330 413 1386 7⁰8
444 1332 584 1386 mandata
613 1330 737 1398 iacietis,
763 1331 961 1387 utconlasscs
1015 1328 1101 1385 litum
1121 1328 1305 1386 orationibus
1322 1329 1358 1384 ad
1382 1327 1476 1386 Deum
1501 1329 1595 1396 iactis,
1619 1330 1729 1386 imbres
1743 1330 1775 1386 in
1789 1329 1840 1386 siti

133 1417 379 1492 negarecogatia.
413 1419 494 1474 Adeo
511 1418 690 1476 confitemini
712 1417 961 1476 innocenteaesea
1014 1417 1065 1475 illa
1087 1417 1264 1491 impretavit.
1281 1417 1403 1484 Quando
1425 1434 1483 1474 non
1515 1417 1783 1490 geniculationibus
1811 1422 1841 1474 at

135 1523 203 1574 nos,
232 1522 306 1579 quoa
331 1508 473 1564 damnare
499 1505 600 1562 statim
633 1522 669 1562 ax
695 1507 960 1563 consessionanon
1010 1505 1841 1581 ieiunationibusnostrisetiameioaitstoseuntdepnlset

134 1595 235 1652 vultis.
251 1595 280 1651 si
300 1599 397 1651 autem
425 1595 604 1651 contenditis
627 1595 663 1650 sd
691 1594 843 1651 elidendos
859 1611 912 1650 nos
926 1593 959 1662 ²⁰,
1015 1595 1097 1651 Tunc
1119 1600 1148 1652 et
1170 1593 1298 1669 populus
1327 1593 1494 1652 acclamans
1520 1596 1574 1652 Dee
1602 1595 1717 1652 ἀιονιιιιι
1740 1595 1774 1665 ²⁸,
1791 1597 1839 1668 qui

131 1686 198 1755 jam
214 1699 284 1756 ergo
313 1683 509 1740 innocentiam
537 1683 721 1756 expugnatis.
739 1683 845 1749 Quanti
860 1689 959 1739 autem
1013 1684 1086 1740 aolus
1100 1688 1195 1754 poleos
1220 1683 1252 1748 ²⁸,
1268 1682 1393 1739 inluvie
1419 1685 1538 1740 nomine
1565 1687 1621 1740 Deo
1638 1683 1837 1741 nostratasti-
1875 1722 1879 1739 .

135 1772 287 1844 presides,
303 1777 333 1828 et
348 1774 562 1828 constantiores
577 1775 607 1828 et
620 1770 808 1838 crudeliores,
819 1771 960 1827 dissimu·
1015 1772 1146 1827 monium
1161 1771 1298 1828 reddidit.
1310 1775 1417 1827 Praeter
1427 1772 1449 1807 ³⁰
1460 1771 1520 1826 beo
1531 1772 1700 1842 depositum
1714 1788 1772 1828 non
1784 1772 1836 1828 ab·

132 1859 273 1916 laverunt
284 1861 321 1916 ab
338 1861 509 1932 hujusmodi
523 1860 639 1917 nausiet
657 1859 958 1928 utGinciuaSeverua,
974 1827 998 1893 B
1015 1858 1396 1932 negamus,matrimonium
1408 1859 1520 1916 nullius
1536 1859 1612 1917 tua
1622 1859 1836 1930 adulteramus,

132 1950 183 2020 qui
197 1948 316 2021 'l'bystri
332 1949 355 1984 ²¹
372 1949 434 2020 ipae
455 1947 536 2005 dedit
549 1949 606 2021 (18)
621 1949 796 2020 remedium,
812 1949 959 2022 quomodo
1015 1947 1143 2021 pupillos
1158 1947 1204 2022 pie
1218 1953 1390 2019 tractamus,
1405 1947 1605 2022 indigentibus
1616 1949 1835 2022 refrigeramus,

133 2037 352 2110 responderent
378 2027 548 2106 Christiani,
577 2043 610 2094 ut
632 2037 741 2094 dimitti
768 2042 904 2110 posssot;
928 2041 960 2094 ut
1014 2036 1215 2094 nullimalum
1237 2052 1289 2109 pro
1315 2037 1392 2094 malo
1421 2037 1585 2095 reddimus.
1615 2037 1760 2104 Viderint,
1785 2038 1837 2110 qui

134 2125 322 2199 Vespronius
336 2125 499 2192 Candidus,
524 2127 574 2198 qui
598 2126 796 2183 Christianum
812 2127 898 2197 quasi
915 2131 961 2182 tu·
1014 2131 1124 2183 sectam
1140 2127 1335 2192 mentiuntur,
1350 2141 1424 2196 quos
1446 2129 1476 2182 et
1497 2125 1553 2197 ipsi
1568 2141 1751 2182 recusamus.
1766 2125 1838 2191 Quis

132 2214 321 2273 multuoaum
337 2214 451 2272 civibus
466 2214 530 2271 suis
546 2214 715 2272 satisfacere
729 2215 785 2287 (19)
799 2214 961 2282 ἀίιιιίείι;ιι1
1014 2214 1140 2286 denique
1166 2213 1203 2271 da
1226 2215 1312 2271 nobis
1333 2214 1390 2270 alio
1410 2213 1530 2272 nomina
1550 2214 1684 2286 queritur
1697 2215 1744 2272 ⁸¹?
1759 2215 1837 2286 quod

133 2308 240 2376 Asper,
256 2302 307 2376 qui
335 2303 449 2359 modice
476 2309 612 2360 vexatum
641 2301 801 2370 hominem,
815 2309 844 2360 et
858 2304 959 2360 statim
1014 2301 1094 2359 aliud
1107 2301 1260 2376 negotium
1276 2303 1387 2373 patitur
1405 2301 1601 2368 Christianus,
1617 2301 1674 2359 nisi
1690 2318 1749 2359 sue
1771 2317 1838 2359 sao·

133 2392 295 2464 dejectum,
324 2407 378 2448 neo
404 2391 583 2448 sacrificium
604 2390 745 2463 compulit
771 2391 876 2463 lacere,
891 2396 960 2450 anta
1013 2391 1063 2448 ta?
1078 2408 1168 2464 quam
1183 2391 1337 2460 incestam,
1348 2407 1437 2462 quam
1450 2390 1603 2460 crudelem,
1615 2394 1838 2464 tantotcmpore

132 2481 289 2553 protessus
304 2480 381 2536 iuter
397 2480 553 2536 advocatos
568 2485 597 2536 at
623 2496 801 2548 assessores,
815 2480 913 2537 dolere
928 2496 960 2537 so
1013 2496 1100 2537 nemo
1115 2480 1258 2552 probavit.
1286 2485 1340 2537 Pro
1367 2483 1450 2536 mnu
1474 2479 1652 2547 innocentia,
1674 2497 1727 2552 pro
1754 2485 1838 2537 tanta

131 2568 317 2625 incidissaio
333 2569 540 2624 bauconusam
551 2569 585 2624 ²².
600 2568 719 2624 Pudens
734 2569 822 2624 eliam
834 2570 958 2625 missum
1017 2570 1170 2641 probitate,
1187 2567 1375 2641 projustitia,
1394 2584 1446 2641 pro
1463 2569 1616 2641 pudicitia,
1633 2585 1684 2642 pro
1698 2569 1768 2634 fide,
1784 2584 1836 2641 pro

131 2659 170 2713 ad
187 2672 221 2714 se
236 2656 432 2713 Christianum
462 2654 492 2711 in
519 2655 613 2729 elogio
628 2657 820 2714 concussione
834 2658 899 2729 ejus
911 2657 960 2712 in·
1015 2657 1145 2726 varitate,
1171 2673 1223 2728 pro
1248 2661 1305 2712 Deo
1333 2657 1409 2724 vivo,
1429 2672 1615 2725 cremamur;
1629 2657 1708 2728 quod
1725 2673 1777 2714 nec
1792 2673 1837 2713 ss·

131 2745 323 2818 talleotslbol
352 2743 486 2812 dimisit,
513 2745 607 2801 scisso
633 2745 735 2800 eodem
763 2745 869 2818 elogio,
897 2745 961 2801 sina
1016 2744 1196 2817 erilegi,neo
1224 2743 1324 2801 hostes
1339 2743 1461 2818 publici,
1491 2745 1837 2802 verum³²nectotma·

133 2840 309 2891 accusatore
323 2849 435 2906 negans
451 2849 483 2889 ae
498 2833 669 2889 auditurum
686 2832 836 2890 bominem
853 2849 961 2889 saeuo·
1012 2833 1129 2906 J'aatatia
1144 2833 1184 2888 rei
1201 2832 1261 2904 pati
1275 2831 1381 2889 solent.
1398 2831 1472 2890 Nam
1488 2835 1518 2888 at
1531 2849 1610 2889 nuno
1624 2849 1642 2888 a
1657 2834 1780 2904 praeside
1795 2832 1836 2889 la·

132 2925 208 2979 dum
239 2922 414 2979 mandatum
429 2921 464 2977 ¹⁸.
480 2921 546 2978 lisa
573 2922 671 2978 omnia
686 2921 740 2978 tibi
767 2925 796 2978 et
815 2921 851 2978 da
864 2921 961 2978 cilicie
1015 2919 1836 2994 gionis,etapresideMauritaniavaxatnrhoonoman,

131 3010 252 3084 suggeri
262 3015 397 3083 possunt,
414 3010 487 3067 stab
506 3009 619 3066 eisdem
631 3009 780 3066 advocatis
793 3010 827 3077 ¹⁶,
838 3010 888 3082 qui
904 3008 961 3082 ipsi
1016 3010 1067 3066 aed
1082 3008 1178 3081 gladio
1192 3013 1289 3077 tenus,
1306 3009 1384 3065 siout
1397 3011 1426 3064 et
1448 3025 1465 3064 a
1480 3007 1640 3081 primordio
1665 3009 1838 3064 mandatum

131 3099 279 3156 banafima
293 3099 402 3155 babent
429 3095 675 3164 Christianorum,
702 3097 770 3154 licet
788 3087 960 3169 acclament,
1016 3103 1061 3154 est
1070 3097 1262 3153 animadverti
1272 3097 1303 3153 in
1319 3095 1500 3168 hujusmodi.
1518 3096 1575 3152 Sed
1585 3096 1697 3168 maiora
1705 3096 1839 3152 certami-

131 3205 200 3260 quae
217 3186 319 3244 volunt
333 3187 366 3243 ⁸¹.
382 3187 456 3242 Nem
476 3191 504 3242 et
532 3187 687 3256 cuiusdam
715 3186 848 3243 notarius
862 3203 929 3242 cum
946 3187 999 3254 ac
1018 3202 1066 3256 na,
1083 3185 1195 3256 majore
1210 3190 1376 3257 sequuntur
1390 3185 1520 3257 premia.

130 3278 269 3334 damone
283 3275 522 3347 precipitaretur,
541 3273 683 3332 liberatus
698 3279 764 3332 ast:
779 3280 808 3331 et
822 3290 961 3347 quorum·
1356 3273 1472 3331 CAPUT
1489 3277 1522 3329 V.

129 3365 204 3420 dam
220 3362 442 3437 propinquuaat
457 3362 611 3435 puerulus,
622 3369 651 3419 et
664 3363 766 3436 quanti
776 3363 893 3420 bonesti
908 3362 963 3419 viri
1050 3361 1215 3420 Grudelitas
1230 3365 1326 3420 vestra
1341 3361 1436 3435 gloria
1450 3367 1494 3419 eat
1508 3366 1618 3419 nostra.
1634 3362 1706 3419 Vide
1721 3365 1838 3418 mntem

129 3453 180 3525 (de
197 3450 372 3524 vulgaribus
387 3451 466 3508 anim
486 3466 545 3506 neu
560 3450 696 3524 dicimus)
711 3457 763 3508 aut
776 3468 794 3507 a
809 3450 962 3508 demoniis
1016 3467 1052 3509 ne
1068 3451 1123 3508 hoo
1137 3451 1212 3524 ipso,
1229 3451 1307 3524 quod
1319 3445 1393 3507 'talia
1414 3451 1606 3519 sustinemus,
1622 3452 1658 3507 ad
1674 3451 1729 3508 boc
1740 3451 1837 3507 solum

130 3545 185 3598 aut
200 3537 419 3597 valetudinibus
449 3537 605 3595 remediati
621 3539 710 3595 suntl
728 3539 792 3612 lpse
808 3539 896 3597 etiam
911 3543 960 3596 Se·
1015 3542 1169 3598 videamur
1182 3555 1347 3613 erumpere,
1364 3539 1460 3597 utboe
1484 3541 1583 3611 ipsum
1598 3540 1767 3612 probemus,
1782 3555 1837 3596 nes

128 3646 224 3687 verus
238 3633 322 3703 pater
336 3627 483 3698 Antonini,
512 3627 745 3686 Christianorum
765 3645 879 3686 memor
894 3628 961 3686 luit.
1016 3627 1281 3696 bacnontirnere,
1296 3629 1347 3685 sed
1369 3627 1446 3684 ultro
1461 3641 1574 3685 vocare.
1598 3625 1837 3685 Arriosantcni·

855 3763 957 3826 Varia
979 3762 1141 3826 lectiones.

168 3877 194 3912 ¹⁰
224 3873 380 3948 liligandos
405 3875 508 3948 Rigalt.
546 3877 568 3914 ¹¹
598 3875 725 3948 libysdri
754 3877 815 3950 liip.
853 3878 876 3913 ¹¹
899 3876 1000 3934 Dolore
1023 3878 1096 3934 abest
1118 3875 1202 3934 iiten.
1240 3877 1264 3920 ¹³
1292 3875 1448 3932 Hominem
1476 3877 1553 3932 abest
1580 3875 1665 3932 iiten.
1703 3877 1727 3913 ²⁵
1756 3877 1843 3948 Ejus-

127 3948 200 4004 dem
216 3948 282 4004 lun.
309 3963 326 4003 e
353 3947 450 4019 tatic.
479 3947 503 3984 ¹⁸
532 3947 695 4004 litadditur
710 3948 796 4006 iiten.
833 3949 857 3984 ²⁸
872 3949 956 4004 iiten.
982 3948 1144 4020 conjiciebat
1169 3947 1300 4004 Euboea.
1324 3949 1356 4003 la
1379 3946 1465 4004 oeten
1480 3946 1543 4004 dod.
1559 3946 1698 4004 liuhada.
1715 3949 1843 4006 Pitinate

127 4018 290 4076 emendavit
305 4017 407 4084 liuodi,
429 4019 503 4090 qaae
516 4020 604 4090 ploret
623 4019 751 4102 liiqottio.
778 4019 851 4076 Idem
878 4024 955 4076 notat
969 4019 1141 4088 scaligerum
1167 4021 1197 4075 ia
1212 4018 1351 4074 animatio.
1368 4019 1400 4074 ia
1420 4019 1571 4076 Eusebium
1587 4018 1731 4090 &saedere
1746 4021 1842 4078 lectic-

127 4107 209 4148 raem.
226 4089 392 4146 noadiae
419 4092 547 4146 Noverat
561 4090 730 4148 christianis
758 4093 913 4158 educatum
940 4091 1003 4148 Cart.
1033 4091 1216 4148 Diciaoeatis.
1236 4088 1406 4157 christiano,
1423 4095 1490 4146 Par.
1527 4089 1599 4146 ¹⁸iit
1620 4089 1733 4148 additur
1754 4091 1842 4150 Rhea.

126 4163 152 4198 ¹⁹
167 4163 230 4218 Atii
243 4166 338 4235 potes.
375 4161 545 4234 ”Propter
561 4162 645 4218 iiten.
681 4162 704 4200 ⁸¹
719 4163 864 4228 Quaeritur
877 4161 980 4234 ttipalt.
1031 4162 1054 4198 ³²
1068 4161 1191 4220 Publicii
1209 4177 1310 4218 varum
1327 4161 1481 4217 uastatio.

858 4286 1121 4350 Commentarius.

165 4400 228 4473 (16)
243 4401 366 4456 Etanna
386 4413 423 4456 ec
450 4399 550 4457 eaden
576 4415 660 4456 causa
687 4399 873 4472 interpellatio
900 4415 965 4455 aaa·
1019 4399 1141 4456 omnino
1157 4396 1248 4455 tuisse
1271 4397 1479 4455 observatum:
1502 4398 1553 4470 qul
1583 4397 1661 4454 enim
1676 4413 1760 4454 reum
1775 4415 1841 4472 per-

127 4473 243 4544 guinia,
274 4469 397 4542 Scapula
421 4471 521 4528 statim
541 4472 795 4542 postdamnatum
825 4470 964 4528 Mavilum
1020 4470 1114 4527 ditum
1131 4469 1277 4538 volabant,
1305 4468 1542 4526 omuibusillam
1562 4469 1842 4543 modieatquearti-

127 4542 316 4600 acutissime
335 4543 491 4614 cujusdam
507 4543 692 4614 aegritudinis
721 4542 851 4599 cruciatu
864 4541 961 4598 vexari
980 4509 1003 4575 D
1020 4543 1086 4614 hus,
1100 4546 1129 4598 et
1142 4542 1253 4598 crebris
1269 4540 1548 4604 interrogationibus
1563 4542 1592 4596 in
1608 4541 1740 4598 fraudem
1757 4544 1842 4600 indu·

127 4620 273 4688 caperer,
290 4615 450 4686 quostiam
474 4619 549 4680 turn,
566 4630 632 4670 cum
649 4614 710 4670 baa
726 4612 866 4670 eadberct
889 4619 962 4684 tiep·
1017 4615 1134 4670 cebant.
1165 4611 1312 4668 Pamelius
1342 4611 1412 4684 legit
1449 4613 1552 4679 Tiristi,
1578 4611 1622 4668 vel
1654 4613 1775 4686 lyrista':
1805 4619 1842 4672 La

125 4688 251 4754 timius,
267 4685 303 4742 ab
315 4685 449 4742 iteratam
464 4683 494 4741 in
505 4685 693 4742 Christianos
708 4685 850 4742 sevitiam
866 4683 963 4741 denuo
1019 4685 1110 4740 ilerda
1126 4685 1250 4740 Tiristrt'.
1268 4683 1303 4738 lu
1318 4681 1369 4738 Pa.

127 4759 306 4814 vexabatur.
323 4757 506 4814 clamaverat
528 4757 564 4812 ed
582 4757 673 4814 Deum
689 4757 811 4830 sanguis
825 4755 964 4812 Christia-
1056 4756 1110 4827 (19)
1126 4757 1211 4824 praeci
1233 4753 1432 4811 tumultuosum
1459 4753 1564 4810 civitae
1591 4755 1648 4811 auia
1670 4756 1838 4826 satisfacere.

128 4847 207 4896 nus,
233 4845 268 4884 ac
295 4828 400 4884 divinas
429 4829 574 4900 patientia
604 4845 700 4884 moras
716 4826 962 4900 interpellaverat.
1018 4827 1200 4900 Vespronius
1215 4825 1264 4882 ille
1293 4824 1443 4882 Candidus
1464 4825 1842 4884 oiveaauosilbriatienum

127 4901 262 4958 Paribua
278 4899 431 4974 exemplis,
453 4899 503 4955 sed
519 4915 608 4955 cauea
623 4899 710 4972 longe
724 4899 834 4970 dispari
845 4897 963 4954 Petilia·
1018 4899 1176 4970 quemdam
1203 4897 1239 4953 ad
1265 4902 1387 4952 mortar
1414 4898 1604 4969 deposcentes
1627 4898 1790 4966 admonuit,
1810 4915 1843 4956 aa

127 4991 193 5029 nus
209 4972 364 5028 Donatista
378 4971 443 5026 adv.
464 4971 629 5028 Gatbolioos
647 4972 805 5044 pugnabat,
822 4974 854 5027 ut
869 4969 964 5026 videre
1018 4969 1139 5042 quidam
1163 4970 1288 5025 libenter
1315 4984 1417 5024 eorum
1442 4969 1517 5024 votis
1545 4969 1775 5034 satisfacturum,
1790 4970 1841 5028 sed

127 5050 177 5102 est
193 5042 225 5098 in
241 5041 447 5100 dissertatione
473 5043 640 5115 Augustini.
657 5043 771 5097 llteuim
799 5041 963 5097 petilianus
1018 5057 1079 5097 ram
1096 5040 1207 5097 civitati
1223 5037 1437 5097 tumultuosam
1454 5038 1615 5111 providere.
1632 5040 1696 5097 liru.

128 5114 312 5174 terribiliter
330 5127 494 5188 proponere
521 5130 612 5171 ausus
640 5119 685 5171 est
700 5119 729 5170 ct
748 5114 861 5170 dicere:
881 5133 892 5165 ι
909 5113 962 5170 sad
1051 5111 1109 5184 (20)
1134 5111 1315 5169 Coacmsioae
1339 5112 1399 5181 ejus
1425 5111 1579 5168 intellectu.
1600 5113 1660 5168 Hoo
1682 5116 1737 5181 est,
1753 5129 1840 5167 vexa·

128 5192 290 5244 utcetera
316 5189 441 5252 tanam,
470 5185 575 5241 vestris
598 5185 627 5241 in
647 5185 788 5258 exemplis
816 5184 963 5240 advertite
1019 5182 1107 5239 lione.
1125 5185 1189 5268 lpse
1218 5183 1377 5251 intra,sub
1402 5181 1595 5254 finembujus
1623 5182 1842 5255 libelli2parce

123 5259 328 5330 imperatores
339 5255 530 5330 quamplures
541 5257 819 5327 acjudiaesveatros
828 5271 964 5328 persecu·
1018 5254 1183 5326 providere,
1199 5271 1274 5326 qua,
1290 5253 1353 5310 visa
1375 5253 1535 5310 intentione
1547 5259 1609 5321 tua,
1624 5254 1750 5312 obnoxia
1765 5257 1842 5311 laeta

127 5332 248 5387 tionem
267 5331 351 5386 nobis
367 5328 500 5384 iaciendo
515 5328 646 5400 periisse.
664 5331 727 5384 ltin.
1018 5331 1063 5382 eet
1091 5325 1346 5394 concussionibus,
1372 5328 1414 5380 et·
1436 5325 1563 5382 militum
1596 5329 1625 5382 et
1652 5327 1840 5382 inimicorum

168 5401 231 5474 (l't)
245 5399 298 5456 Sed
312 5404 447 5456 mamete
473 5398 507 5455 de
534 5404 639 5456 casuro.
657 5399 784 5464 licceat,
800 5397 961 5464 delatura,
1018 5413 1140 5453 auorum
1163 5399 1315 5467 cujusque.
1332 5399 1395 5451 Rra.
1422 5427 1455 5437 —
1478 5396 1637 5454 Concussio
1657 5403 1701 5454 eat
1716 5395 1840 5453 subdola

126 5488 258 5530 manere
273 5472 387 5530 scilieet
409 5469 549 5526 ultionem
570 5477 707 5529 aternam
724 5471 810 5544 longe
825 5469 963 5526 sormida-
1017 5469 1165 5525 accusatio
1181 5467 1305 5524 iurantis
1319 5467 1472 5538 cujusdam
1485 5469 1649 5538 nebulonis,
1666 5486 1724 5526 non
1739 5471 1838 5524 autem

127 5544 283 5606 biliorem.
300 5543 339 5600 lo.
1017 5539 1150 5614 legitima
1165 5539 1271 5598 autoris
1285 5539 1389 5597 oratio.
1402 5539 1440 5596 bn
1456 5539 1504 5597 l’a.

164 5615 230 5692 (18)
244 5617 299 5687 Qui
314 5615 424 5690 illustri
444 5615 502 5686 ipae
524 5614 610 5672 dedit.
635 5612 820 5672 Contrarium
848 5609 963 5669 videtur
