4134 6184
241 315 320 380 titt
518 314 782 380 retruserant
803 313 967 381 OPERUM
991 317 1090 379 PARS
1111 315 1135 378 l.
1155 348 1195 364 -
1207 313 1345 381 SERIES
1367 317 1407 396 ll,
1428 315 1666 382 suadentes.
1846 325 1909 385 ttbt

241 445 361 516 nedietl,
375 445 519 504 calestem
534 446 599 520 ejus
614 447 760 520 sophiam,
775 447 923 520 imprimis
938 451 975 506 do
990 465 1064 522 pres·
1082 455 1107 520 Α
1449 447 1567 506 CAPUT
1582 448 1618 505 ll.

240 541 323 609 cepto
337 540 446 593 secreto
465 537 607 594 adorandi
621 535 688 610 (12),
713 553 771 608 quo
786 542 815 593 et
830 539 918 596 tidem
936 538 1065 595 hominis
1156 536 1261 609 lnolplt
1289 553 1306 592 e
1332 536 1500 594 testimonio
1525 536 1575 592 [lei
1599 535 1667 608 (17),
1692 541 1719 592 et
1738 537 1829 596 meritc
1848 539 1912 609 idei,
2021 543 2022 546 ’

242 627 346 684 md
365 625 508 699 exigebat,
534 629 567 681 ut
588 625 639 682 Dei
663 627 873 699 omnipotentie
894 633 922 684 et
944 643 1064 700 conspe·
1120 642 1188 682 cum
1202 626 1306 684 etta
1330 624 1458 681 dicimus
1483 641 1573 682 raras
1596 641 1647 688 our
1673 643 1701 681 ru
1721 643 1803 683 noeais
1816 645 1845 684 ss
1856 629 1911 700 (18).
2023 689 2024 706 ,

240 721 321 774 ctum
346 720 374 771 et
398 713 533 770 auditum
559 716 615 771 sub
640 713 725 772 tectis
749 720 778 772 ct
799 716 828 771 in
845 716 953 772 abditis
975 716 1064 774 etiam
1120 720 1190 770 Nam
1206 719 1235 770 ct
1252 715 1342 770 Deum
1370 729 1501 786 oramus,
1528 716 1557 770 et
1581 713 1669 770 fldem
1690 717 1911 802 commendamus,

239 804 342 862 edesse
357 803 516 860 confideret
532 819 539 859 ι
556 808 584 860 et
608 803 784 860 modestiam
799 803 810 840 ¹
826 805 893 862 ildei
916 805 1063 861 desidere·
1119 805 1204 874 cujus
1221 803 1359 859 meritum
1376 806 1421 859 est
1446 801 1507 858 bac
1529 799 1696 875 appellatio.
1711 804 1910 875 scriptumest:

239 893 289 950 bot
305 893 372 966 (13),
389 896 522 966 utquam
545 891 655 966 ubique
670 893 772 950 audire
796 893 936 951 stridere
951 894 1063 963 tideret,
1120 895 1173 964 Qui
1188 894 1218 949 in
1232 909 1295 948 eam
1308 893 1493 964 credideriut,
1513 891 1587 948 dedit
1610 893 1650 947 eis
1664 895 1812 964 potestatem
1833 903 1859 950 ut
1870 896 1913 966 titt
2023 947 2024 958 ,

239 983 265 1039 ei
295 981 350 1038 soli
375 981 547 1056 religionem
573 997 658 1038 susm
683 982 796 1052 olierre,
821 983 993 1056 sequantui
1018 997 1064 1039 eo·
1119 985 1170 1041 Dei
1182 989 1315 1050 noceatur
1338 983 1429 1054 (toan.
1446 984 1467 1054 1,
1484 983 1548 1056 ll);
1573 982 1667 1039 dact.
1683 983 1780 1052 vi1,9;
1803 989 1911 1052 retia).
2023 991 2024 996 ’

240 1071 310 1144 phie
325 1072 380 1144 (11)
395 1071 425 1128 in
441 1072 576 1144 sequenti
588 1076 752 1144 preceptc;
769 1073 846 1144 quod
861 1073 914 1128 etsi
926 1071 1064 1146 proinde⁸
1120 1076 1291 1146 Quanquam
1307 1071 1545 1146 trequentissime
1569 1071 1711 1129 Dominus
1734 1077 1833 1145 patrem
1846 1072 1914 1130 nobie

241 1162 385 1234 pertineat
409 1161 445 1218 ed
472 1160 560 1218 fidem
585 1164 613 1216 et
637 1161 840 1216 modestiam⁹
862 1161 940 1232 tidei,
965 1163 989 1218 ei
1006 1177 1064 1218 non
1120 1162 1319 1236 pronuntiavit
1341 1161 1454 1232 Daum;
1479 1161 1540 1217 imo
1555 1164 1584 1217 et
1607 1161 1743 1234 pracepit
1761 1177 1793 1217 ee
1812 1165 1913 1236 quemic

241 1251 358 1323 agmine
373 1249 527 1306 verborum
544 1247 598 1321 (15)
614 1249 783 1304 adeundum
805 1255 943 1323 putemus
958 1251 993 1306 ed
1009 1249 1065 1306 Do·
1119 1255 1203 1310 terris
1223 1260 1332 1325 patrem
1346 1265 1481 1322 commas,
1497 1252 1556 1308 nisi
1578 1249 1798 1324 perambulemus
1818 1253 1844 1306 ia
1855 1251 1915 1308 calis

239 1340 366 1406 minum,
378 1354 465 1410 quem
482 1337 560 1394 ultra
569 1338 632 1394 auis
648 1338 814 1409 prospicere
824 1338 896 1396 certi
906 1357 1010 1396 sarnus
1021 1339 1063 1395 ¹⁰:
1119 1341 1227 1414 (Madd.
1249 1358 1329 1408 xxru,
1344 1341 1382 1414 9).
1408 1340 1510 1412 ltaque
1531 1339 1574 1396 sie
1590 1339 1743 1396 adorantes
1766 1340 1844 1396 etiam
1861 1357 1916 1411 pra-

238 1432 370 1484 sttsmen
386 1430 408 1464 ¹¹
425 1426 552 1483 brevitas
575 1427 631 1483 ista
646 1427 713 1500 (16),
731 1428 807 1501 qnod
833 1429 869 1484 ed
885 1428 1004 1484 tertium
1021 1445 1066 1486 so·
1120 1436 1237 1504 ceptum
1253 1429 1369 1487 obimus
1384 1429 1451 1502 (19).
1465 1428 1574 1486 Felices
1589 1427 1915 1501 quipatrcmaqnoscunt.

239 1516 314 1588 phis
328 1516 453 1588 gradum
477 1515 576 1586 iaciat,
602 1531 715 1588 magum
731 1533 764 1574 ec
778 1517 869 1573 beate
890 1517 1065 1590 interprete·
1121 1520 1248 1588 licceat,
1264 1519 1343 1591 quod
1356 1518 1466 1588 llsrseli
1480 1517 1683 1591 exprobretur,
1700 1518 1774 1590 quod
1788 1517 1878 1573 caelum
1890 1533 1917 1573 ac

238 1605 328 1662 tionis
343 1604 510 1660 substantia
524 1603 598 1661 tulta
611 1609 657 1660 est
672 1622 679 1660 z
697 1610 901 1678 quantumque
916 1608 1064 1664 substrin-
1119 1611 1229 1664 terrem
1253 1608 1380 1680 Spiritus
1405 1611 1589 1664 contestetur
1613 1607 1670 1679 (20)
1687 1622 1694 1662 :
1710 1607 1801 1675 Filios,
1824 1606 1916 1670 diceus,

239 1694 321 1766 gitur
335 1693 442 1763 verbis,
458 1697 575 1748 tuntum
600 1693 777 1751 diffunditur
801 1695 950 1752 sensibus.
967 1701 1066 1768 Neque
1120 1698 1215 1768 penui,
1230 1706 1257 1754 et
1271 1698 1318 1754 etti
1331 1713 1376 1753 me
1388 1711 1444 1753 aon
1459 1700 1630 1768 cacaverant
1644 1695 1709 1768 (lsa.
1725 1712 1747 1763 1,
1762 1695 1796 1767 l).
1812 1695 1916 1752 Dicendo
2023 1729 2024 1740 ι

237 1780 315 1838 enirn
346 1782 465 1854 propria
489 1786 604 1837 tantum
629 1781 769 1838 orationis
794 1783 891 1840 alsacia
915 1785 1066 1856 complexa
1121 1793 1219 1842 autem
1236 1793 1360 1858 patrem,
1376 1790 1466 1842 [teum
1487 1799 1604 1858 quoque
1619 1783 1860 1855 cognominamus.
1874 1791 1918 1856 dp

237 1874 292 1937 est,
320 1869 537 1927 venerationem
566 1870 628 1942 Dei,
654 1876 705 1926 aut
728 1872 857 1930 bominis
881 1833 1104 1946 petitionem,B

1120 1874 1237 1949 pellatia
1252 1875 1311 1931 ista
1333 1880 1362 1931 et
1386 1875 1505 1948 pietatis
1529 1878 1558 1931 et
1572 1875 1726 1947 potestatis
1750 1879 1801 1930 est.
1820 1874 1882 1929 ltem
1895 1872 1918 1927 in
2023 1899 2024 1924 ;

236 1959 289 2016 sed
306 1975 423 2016 omnem
438 1975 510 2032 pene
525 1975 691 2016 sermonem
707 1959 834 2028 Domini,
851 1977 968 2018 amnem
985 1979 1062 2019 rom·
1117 1963 1308 2021 PetreFilins
1329 1963 1492 2020 invocatur.
1516 1962 1793 2036 queaim,inqoit,
1816 1963 1918 2018 etPcter
2023 1955 2024 1992 ³

236 2049 480 2106 memorationem
505 2047 678 2122 discipline,
705 2054 738 2106 ut
752 2065 852 2107 revera
877 2051 906 2106 in
932 2053 1064 2110 oratione
1117 2070 1204 2110 anum
1216 2069 1312 2110 sumus
1327 2053 1416 2126 (toan.
1429 2070 1459 2124 x,
1473 2052 1530 2126 30).
1546 2052 1588 2110 Νο
1607 2055 1703 2110 mater
1717 2050 1829 2124 quidem
1842 2048 1919 2106 doale

235 2137 416 2196 breviarium
432 2137 524 2196 totius
537 2137 686 2211 Evangelii
701 2139 979 2214 comprehendatur.
1118 2143 1163 2200 sia
1186 2142 1351 2216 proteritur
1378 2142 1444 2216 (21).
1473 2141 1503 2198 si
1526 2141 1645 2215 quidem
1673 2140 1706 2198 in
1729 2139 1787 2196 fllia
1808 2143 1834 2196 et
1853 2143 1918 2211 patre

954 2269 1057 2332 Variae
1077 2269 1238 2334 lectiones.

272 2373 461 2432 ‘Modestum
477 2373 560 2432 Semi.
577 2375 686 2433 oberit.
733 2374 1020 2449 'Sequenslrmiua
1067 2379 1246 2445 'Ouodetsi
1270 2379 1369 2436 deleat.
1386 2379 1468 2438 Semi.
1485 2377 1598 2437 Obertb.
1645 2373 1918 2436 'Modestuml’uria

240 2448 263 2484 ¹⁰
278 2448 387 2506 Simus.
404 2448 505 2523 utana.
520 2447 614 2506 Paris.
653 2449 674 2484 ¹¹
691 2447 736 2504 Sic
750 2449 850 2522 Ripatt.
865 2451 949 2508 Semi.
966 2453 1046 2525 deep.
1061 2452 1154 2509 Paris.
1163 2469 1175 2516 ,·
1189 2453 1243 2509 etit
1256 2457 1284 2510 et
1298 2456 1407 2510 temen.

963 2571 1225 2634 Commentarius.

238 2682 354 2738 constat
367 2680 451 2750 ratio,
468 2678 579 2738 scilieet
602 2679 723 2753 Sophia,
747 2695 811 2752 que
827 2697 881 2737 nos
905 2681 989 2738 docet
1004 2697 1064 2737 mc·
1118 2679 1243 2752 Sophia,
1259 2679 1289 2734 id
1304 2681 1350 2735 eat
1364 2693 1452 2750 qoem
1475 2676 1653 2750 significauit
1680 2675 1732 2732 Dei
1747 2672 1887 2756 sapientie,
1899 2675 1922 2726 ct

239 2753 310 2808 dum
326 2749 439 2808 orandi.
456 2751 517 2808 Duo
532 2753 611 2807 enim
635 2751 664 2808 in
681 2751 736 2807 boe
750 2753 882 2824 praecipit
898 2770 904 2808 :
922 2752 1016 2825 primo
1032 2757 1064 2808 ut
1118 2753 1182 2824 ejus
1197 2749 1295 2807 Filius.
1309 2749 1512 2806 Primusenim
1527 2749 1637 2821 gradus
1648 2753 1705 2819 est,
1717 2748 1745 2803 id
1759 2753 1802 2802 est
1812 2759 1920 2818 primunr

240 2830 350 2880 secrete
365 2828 395 2880 et
409 2824 438 2880 in
451 2824 548 2879 abdito
564 2824 625 2880 loco
641 2840 779 2892 oremus;
806 2824 934 2880 seeundo
951 2829 983 2879 nt
999 2827 1063 2880 bre·
1118 2828 1295 2903 praeceptum
1313 2827 1368 2890 est,
1385 2827 1418 2878 ut
1440 2825 1551 2879 secreto
1575 2836 1714 2890 oremus;
1739 2818 1884 2880 secundus,
1897 2819 1923 2868 nt
2023 2855 2024 2862 .

239 2896 322 2964 viter,
339 2901 425 2968 prout
441 2895 565 2950 babetur
579 2895 608 2950 in
623 2895 749 2952 Matthaei
771 2912 835 2966 cop.
850 2913 879 2951 vt
897 2911 904 2952 ε
921 2897 991 2952 Cam
1005 2912 1066 2952 om-
1120 2911 1186 2951 oum
1203 2895 1279 2963 tide;
1304 2894 1419 2965 tertius,
1445 2897 1478 2948 ut
1502 2891 1636 2950 breviter.
1664 2891 1779 2948 lluaer.
1794 2920 1825 2931 -
1838 2885 1921 2945 llalim

239 2969 320 3032 ceris,
337 2969 415 3023 intro
436 2969 469 3023 ia
483 2967 640 3023 cuticulam
662 2972 751 3032 tuem,
767 2971 794 3020 et
809 2969 879 3022 ostio
902 2966 999 3024 clauso
1015 2984 1065 3024 ora
1119 2967 1227 3037 dicere,
1251 2964 1381 3038 primurn
1406 2965 1529 3038 gradum
1554 2964 1609 3020 boc
1632 2961 1696 3020 loca
1722 2977 1794 3028 esee,
1815 2963 1922 3044 secret-e

243 3041 356 3094 Patrem
370 3046 446 3094 taem
460 3043 490 3094 aa
512 3037 680 3106 abscendito,
696 3042 722 3094 et
743 3039 826 3094 Peter
839 3044 913 3108 tuas,
930 3041 978 3112 qui
991 3039 1066 3096 uidet
1119 3053 1231 3112 preces,
1247 3038 1410 3094 secundnm
1434 3051 1501 3092 vero
1523 3034 1698 3091 brevitatem
1722 3036 1864 3100 cretionis,
1877 3035 1923 3110 icr-

244 3112 273 3167 iu
303 3110 471 3177 abscondito,
498 3110 590 3166 reddet
618 3110 680 3165 tetri.
711 3113 831 3167 Orontes
859 3116 951 3167 autem
979 3112 1102 3183 nolimu
1121 3109 1195 3166 tium
1213 3110 1340 3182 denique
1354 3107 1524 3165 brevitatem
1535 3108 1622 3163 istem
1638 3107 1756 3180 magnis
1772 3111 1799 3160 et
1813 3101 1923 3176 pulchris

243 3181 363 3238 muttum
378 3181 461 3254 loqui,
481 3183 552 3236 sicat
577 3182 680 3236 ellinici
692 3181 808 3250 traciam,
829 3188 930 3253 puram
946 3184 1065 3239 enimin
1121 3181 1258 3239 sensibus
1283 3182 1428 3243 refertam.
1454 3193 1577 3261 quaeque
1601 3179 1727 3250 copiose
1751 3194 1784 3232 ee
1804 3173 1922 3230 locanda

242 3254 353 3310 multitu
372 3254 420 3309 aio
434 3253 575 3310 exaudiri.
593 3253 622 3308 G.
641 3253 809 3310 Panctuoac.
1121 3251 1371 3326 interpretationis
1387 3251 1529 3307 subsidiis
1546 3248 1618 3306 tulta
1633 3249 1683 3306 sit.
1701 3249 1810 3306 Rours.
1854 3315 1860 3327 ·

278 3323 336 3396 (12)
355 3271 461 3381 §ecreto
483 3325 638 3380 adorandi.
661 3323 700 3378 Ad
722 3322 854 3380 abundet
877 3341 929 3407 pro
954 3325 1064 3381 arcadi.
1154 3325 1212 3398 (17)
1235 3325 1334 3384 luciait
1357 3340 1375 3378 e
1397 3324 1554 3378 testimonio
1576 3323 1634 3378 bet.
1661 3321 1716 3378 llic
1739 3317 1837 3402 incipit
1853 3317 1923 3394 tnur-

242 3395 326 3454 Huno
340 3395 435 3453 locum
460 3395 594 3451 imitatas
617 3395 650 3450 D.
668 3396 841 3466 Cyprianus,
866 3394 917 3452 lib.
942 3395 975 3452 dc
989 3397 1063 3454 Oret.
1119 3395 1228 3468 pretari
1243 3397 1395 3452 erectionem
1409 3394 1582 3449 dominicam
1597 3391 1710 3462 dicens,
1732 3405 1831 3464 primes
1843 3387 1923 3442 verbu

242 3469 362 3538 Domita,
378 3469 472 3525 eit:«
489 3466 631 3522 Dominus
643 3472 752 3522 secrete
767 3483 850 3522 orere
864 3483 918 3522 nos
933 3469 1065 3540 praecipit
1119 3467 1322 3524 testimonium
1338 3465 1387 3522 Dei
1408 3470 1436 3522 et
1459 3465 1681 3522 fideimeritum
1707 3456 1924 3528 continerique
2023 3489 2024 3540 3

241 3538 271 3594 in
287 3539 395 3595 abditis
410 3543 439 3594 et
453 3539 572 3596 semotis
589 3539 671 3602 locis,
687 3537 717 3592 in
733 3537 877 3593 cubiculis
891 3537 975 3609 ipsis,
987 3539 1063 3610 quod
1119 3544 1210 3596 Deum
1226 3545 1339 3612 petrem
1361 3541 1515 3594 testamur.
1539 3537 1603 3592 Alia
1617 3535 1700 3591 addit
1724 3538 1754 3592 i).
1771 3532 1921 3607 Cyprianus,

243 3611 338 3680 magis
353 3609 488 3666 convenit
503 3609 581 3677 lidci,
598 3615 629 3664 ut
643 3609 771 3664 sciamus
785 3625 853 3665 eum
869 3609 975 3680 ubique
994 3628 1064 3683 prae·
1119 3611 1168 3668 ubi
1183 3627 1282 3683 supra.
1299 3609 1332 3666 G.
1349 3613 1503 3665 Patremon.
1868 3671 1874 3682 ¹

242 3689 354 3736 sentem
368 3697 443 3747 esse,
460 3679 561 3736 audire
576 3695 689 3748 omnes,
705 3684 734 3735 et
750 3681 912 3752 maJestatis
929 3699 989 3738 eus
1003 3681 1063 3754 ple·
1154 3682 1208 3752 (18)
1225 3683 1367 3753 Puterqei
1382 3680 1553 3736 inculces.
1579 3677 1684 3734 Notum
1709 3677 1796 3734 etiem
1813 3675 1922 3730 Lucieno

242 3751 375 3809 nitndine
389 3751 420 3808 in
435 3752 533 3808 abdite
547 3767 671 3825 queque
690 3756 719 3808 et
734 3753 849 3808 occulta
869 3758 1031 3826 penetrare.
1050 3776 1063 3804 ο
1118 3754 1210 3810 luisse
1225 3753 1383 3810 Dominica
1404 3752 1493 3822 hujus
1509 3749 1650 3806 arationis
1675 3747 1829 3804 formulam
1842 3739 1924 3828 decla3

242 3824 359 3896 (idem.)
1118 3831 1185 3881 rant
1199 3825 1256 3880 ista
1270 3821 1456 3895 'l'riephontis
1472 3822 1508 3878 ed
1517 3822 1649 3890 critiam,
1658 3822 1715 3877 sub
1731 3821 1817 3876 linem
1832 3813 1922 3882 dialogi

276 3925 312 3938 -
335 3895 372 3952 De
391 3901 526 3967 precepta
548 3900 650 3951 secreto
678 3893 754 3950 ador.
781 3894 914 3968 lntellige
937 3899 1063 3951 mentem
1140 3897 1169 3952 ui
1186 3896 1356 3953 inscribitur
1371 3893 1556 3965 Philopatris,
1573 3886 1652 3947 ἔασον
1667 3887 1838 3954 antecoenia
1851 3883 1922 3957 atqu

240 3966 347 4024 Christi
373 3966 507 4038 J'ubentis
535 3970 646 4023 secreto
670 3966 826 4023 orandum.
855 3967 918 4024 Non
942 3967 1065 4041 abrogat
1118 3913 1172 4023 gad
1192 3967 1294 4036 πατρὸς
1304 3965 1462 4093 ἀρξάμενος,
1486 3963 1532 4019 καὶ
1546 3963 1596 4032 τὴν
1613 3961 1797 4036 πολυώνυμον
1817 3954 1882 4032 ᾠδὴν
1894 3951 1925 4012 el<
2023 3979 2024 3990 ι

241 4055 329 4096 usum
354 4037 575 4094 sanctissimum
599 4037 701 4094 orandi
725 4038 755 4093 in
782 4036 922 4111 publico:
943 4054 1012 4095 num
1036 4042 1065 4094 et
1116 4037 1196 4101 τέλος
1212 4035 1322 4100 instate·
1363 4054 1401 4093 ιο.

242 4111 348 4168 Penius
363 4109 404 4166 ait
418 4111 448 4166 in
464 4111 543 4166 omni
559 4109 623 4166 loeo
639 4110 797 4176 orandum,
812 4114 841 4166 et
864 4109 894 4166 id
914 4110 1064 4166 firmatum
1154 4111 1210 4184 (19)
1232 4113 1266 4167 m
1287 4117 1450 4186 praeceptum
1473 4107 1591 4163 otinas.
1616 4105 1649 4162 lii
1675 4119 1823 4176 paremus,
1845 4099 1922 4156 Deum

241 4183 344 4239 multis
358 4181 537 4239 testimoniis
553 4180 630 4238 sacri
644 4179 763 4252 eloquii.
778 4182 813 4238 lit
831 4179 932 4239 lideles
946 4181 1064 4255 quidem
1118 4187 1231 4256 patrem
1246 4197 1311 4237 vere
1326 4183 1472 4237 vocantes.
1490 4177 1519 4234 C.
1538 4177 1694 4234 Pramnos.

241 4255 352 4328 pariter
370 4253 400 4310 in
424 4251 556 4311 ecclesiis
578 4269 708 4320 oramus,
734 4253 785 4310 sed
810 4252 872 4309 vult
892 4259 924 4310 ut
946 4254 1064 4309 inanem
1155 4255 1209 4326 (20)
1226 4253 1301 4322 Quod
1323 4253 1420 4309 calum
1442 4254 1469 4306 et
1494 4257 1600 4306 terram
1625 4248 1748 4320 Spiritus
1769 4243 1925 4303 cantatum·

241 4326 364 4399 gloriam
388 4325 537 4399 fugiamus
561 4323 591 4380 iu
607 4325 727 4382 orando.
752 4325 853 4398 ltaque
868 4325 919 4397 qui
940 4325 1064 4398 gloriam
1119 4325 1150 4382 ld
1163 4329 1209 4382 est
1222 4324 1350 4399 Spiritus
1366 4326 1486 4379 sanctus
1498 4319 1621 4377 dicendo
1637 4336 1689 4392 per
1704 4318 1820 4386 isaiam,
1833 4327 1889 4384 nep.
1902 4322 1925 4388 ¹.²

241 4403 358 4455 tantum
374 4396 1065 4470 Deiqurerane,orat‚isorstseeretoetincu·
1120 4419 1134 4448 ιι
1166 4395 1242 4453 Audi
1268 4395 1384 4462 coelum,
1407 4397 1436 4449 et
1462 4391 1584 4449 auribus
1613 4391 1742 4464 percipe,
1765 4395 1850 4456 terra,
1871 4393 1928 4453 qutt

242 4471 339 4527 biculc
357 4485 363 4526 :
379 4474 480 4526 cantra
493 4468 543 4542 qui
560 4471 624 4524 aret
640 4468 669 4524 in
691 4467 836 4534 eubiculo,
852 4469 952 4526 volens
966 4473 1064 4524 tamen
1081 4485 1105 4550 Ι)
1120 4468 1263 4526 Dominus
1277 4466 1394 4525 locutus
1409 4468 1454 4520 est
1470 4480 1476 4520 :
1496 4463 1583 4521 Filios
1605 4463 1706 4538 genui,
1723 4459 1809 4520 atilli
1824 4471 1865 4514 me
1879 4465 1926 4508 non

242 4547 276 4598 ut
292 4541 341 4598 elii
357 4542 462 4612 sciant,
479 4540 505 4598 is
520 4543 597 4598 certe
617 4539 647 4595 in
672 4539 776 4612 plateis
791 4545 863 4608 oret,
890 4546 918 4597 et
931 4541 1005 4597 tuba
1019 4557 1066 4596 ca·
1121 4543 1312 4614 agnoverunt.
1330 4561 1344 4589 ο
1359 4537 1445 4595 idem.

244 4615 297 4670 nil·
316 4619 378 4668 bac.
1157 4613 1211 4685 (21)
1225 4613 1263 4668 Ne
1278 4618 1366 4666 mater
1380 4607 1490 4684 quidem
1515 4605 1636 4662 Ecclesia
1659 4606 1833 4676 preteritae.
1847 4591 1930 4654 beele-

278 4685 336 4754 (13)
351 4687 384 4740 tit
407 4683 573 4740 modestiam
597 4681 663 4760 fidei
682 4681 864 4740 desiderabat.
890 4683 921 4739 ld
941 4686 986 4740 est
1000 4683 1068 4738 bre·
1123 4682 1199 4739 siem
1223 4682 1370 4754 intelligit,
1387 4694 1477 4752 quem
1505 4677 1580 4762 libro
1602 4677 1638 4733 ad
1659 4677 1805 4804 Μονΐὲοιιιι1
1819 4663 1930 4741 appoliti

242 4756 317 4812 viter
332 4771 460 4821 oremus,
477 4755 628 4810 eredentes
647 4756 734 4808 ileum
750 4755 851 4811 amnia
871 4753 956 4824 scira,
972 4759 1000 4810 et
1015 4771 1069 4810 au·
1123 4755 1268 4812 Dominam
1290 4763 1407 4810 matrem
1429 4751 1590 4816 Ecclesiam,
1614 4764 1703 4830 quam
1751 4749 1854 4820 piretus
1873 4751 1932 4793 sen·

244 4828 316 4884 dire.
344 4829 378 4882 ta
393 4825 447 4883 boc
471 4825 600 4899 appellat
624 4824 785 4881 modestiam
808 4827 883 4896 fidei.
909 4825 942 4883 G.
968 4830 1070 4882 Pancr-
1122 4831 1188 4883 ctus
1215 4821 1473 4896 congregantem
1501 4837 1560 4892 qna
1588 4819 1701 4876 seilicet
1724 4819 1839 4874 constat
1859 4805 1931 4865 nobie

244 4917 309 4956 1¹0²·
1124 4898 1217 4954 Patris
1232 4902 1260 4954 et
1274 4897 1340 4952 Filii
1353 4911 1471 4952 nomen.
1496 4894 1550 4949 Per
1564 4907 1628 4948 eam
1645 4908 1699 4948 noe
1714 4889 1793 4947 Deus
1809 4878 1932 4942 t'bristie·
2023 4895 2024 4898 ¹

292 4971 323 5024 li
350 4971 486 5041 Sequente
500 4967 607 5038 suirbia.
619 4967 702 5033 Ouod
717 4967 851 5040 seqnitur
866 4984 898 5023 sa
920 4967 1021 5032 ieritis,
1037 4966 1067 5023 iu
1123 4986 1176 5025 nos
1191 4969 1269 5024 lacit.
1287 4968 1405 5039 Absque
1420 4967 1485 5036 ejus
1508 4962 1676 5046 testimonio
1692 4953 1882 5044 multatnobis
1895 4963 1933 5044 aa:

652 5039 657 5051 .
826 5041 831 5051 .
901 4984 918 5050 P
1010 5039 1015 5050 .

245 5047 384 5114 sequente
411 5045 565 5168 preneste,
588 5044 620 5094 ut
634 5055 728 5095 simus
755 5039 928 5122 breviloqm,
942 5043 1069 5111 pertenet
1122 5057 1179 5113 que
1194 5041 1229 5096 de
1246 5041 1301 5096 Dea
1318 5039 1412 5103 Patre.
1428 5051 1524 5108 nequa
1540 5036 1575 5118 de
1588 5035 1701 5090 cbristo
1712 5033 1841 5116 ‘Domino
1854 5024 1932 5080 fides·

245 5115 279 5170 ad
297 5114 384 5170 fldem
398 5119 427 5169 et
443 5129 490 5169 mo
513 5118 629 5181 estium,
645 5115 678 5167 nt
693 5111 876 5168 conildamus
892 5115 979 5167 ettam
997 5127 1067 5182 peu·
1123 5117 1155 5168 ut
1170 5113 1200 5168 in
1215 5111 1291 5168 banc
1307 5126 1424 5184 quoque
1440 5109 1615 5164 sententiam
1640 5119 1792 5179 possamus
1806 5095 1875 5158 utut
1888 5093 1932 5150 Tt-

244 5187 288 5243 cis
303 5203 357 5244 nos
371 5183 514 5241 exaudiri.
530 5183 613 5239 idem.
1121 5182 1246 5240 lemachi
1262 5197 1414 5240 assumere
1430 5195 1437 5234 :

280 5257 337 5330 (15)
352 5257 470 5331 Δοιοιόο
493 5256 650 5312 verboram.
674 5252 880 5311 ltlaterotione.
907 5253 936 5310 S.
963 5251 1066 5308 Mattb.
1122 5289 1289 5414 Mmffgp‘*
1302 5288 1325 5342 τ.
1341 5286 1389 5360 lp,
1404 5303 1470 5360 φησι
1484 5285 1534 5338 τοῦ
1552 5276 1679 5355 ἔμμεναι,
1695 5279 1782 5352 αὐτὰρ
1797 5276 1879 5353 W,

246 5322 1069 5474 '¹llittitttttitii}ttflltitlttitaiilts.
1123 5359 1209 5418 cnm
1241 5357 1321 5436 aa,
1336 5379 1380 5414 u
1396 5353 1491 5418 “⁶³⁶2
1505 5353 1585 5430 ,aa
1600 5351 1680 5416 aaa<
1695 5353 1815 5430 ilum
1832 5349 1891 5404 ³¹⁰·

245 5474 293 5530 nis
310 5472 464 5529 bominicae
488 5469 577 5526 babet
599 5467 716 5540 plenam
742 5468 1025 5542 interpretationem,
1041 5470 1070 5522 ct
1159 5469 1246 5525 —Ne
1260 5475 1348 5524 mater
1362 5464 1471 5540 quidem
1489 5461 1591 5519 decies.
1615 5461 1773 5518 Ecclesiam
1787 5471 1850 5514 eam
1864 5443 1935 5506 intel·

244 5549 390 5616 qnantum
414 5541 510 5598 verbis
535 5543 708 5604 coaretatur,
723 5542 838 5596 tentum
865 5540 1001 5598 sensibus
1016 5537 1070 5595 dil·
1124 5538 1144 5595 li
1166 5538 1198 5606 it,
1236 5556 1303 5595 uam
1320 5538 1348 5594 in
1365 5541 1461 5604 Patre,
1483 5533 1565 5604 Filio,
1579 5536 1609 5590 et
1629 5533 1740 5606 Spiritu
1765 5532 1863 5588 sancto
1877 5519 1935 5593 plu·

244 5617 388 5672 lnnditnr.
404 5613 540 5670 Continet
553 5610 632 5667 enim
656 5627 773 5668 omnem
787 5613 973 5685 disciplinam
989 5609 1069 5666 tidei.
1124 5555 1294 5668 riffiusiocls
1309 5608 1501 5692 constitutam
1526 5621 1590 5692 csse
1605 5607 1746 5690 ellirmat,
1771 5607 1804 5659 nt
1817 5600 1850 5655 de
1861 5591 1936 5678 sapt

244 5685 375 5743 Brevitas
390 5689 490 5742 autem
506 5681 607 5741 orandi
620 5682 747 5756 pertinet
761 5684 797 5740 od
814 5683 931 5741 tertium
947 5681 1071 5756 gradum
1125 5679 1502 5752 etdePud.,o.2l.0u1bue
1510 5675 1582 5736 locis
1592 5682 1741 5736 sxrsbmat
1750 5666 1936 5734 Tertolhtnut
