4046 6172
115 334 164 395 369
645 323 1056 408 nuomeurlcusffnuv.
1080 327 1243 393 cunnus.
1383 375 1385 384 ι
1740 334 1801 397 370

115 463 158 518 illu
171 458 380 532 raigioeissima
390 460 462 517 urbe
473 460 668 518 AEneedurum
682 461 796 533 piorum
807 458 862 532 (83)
875 461 920 515 est
933 466 960 533 Α
975 457 1134 517 homicidio
1149 461 1171 497 ‘l
1186 460 1315 531 intersit)
1331 468 1482 520 convertur
1497 463 1532 520 ud
1553 463 1709 536 populum.
1729 463 1802 528 Quo·

111 547 922 624 jupitarquidam(Sl)qnemludissuiahumanoproluunt
975 547 1065 606 vultis
1080 565 1115 606 ex
1129 549 1176 606 his
1192 551 1453 609 circumstantibus
1468 555 1497 610 et
1512 551 1541 608 in
1566 552 1801 610 Christianorum

113 639 249 712 sanguine.
264 638 317 694 sed
333 638 466 694 bestiarii
481 639 549 712 (85),
565 639 699 711 inquitis.
718 639 786 708 lloc,
805 636 919 709 opinor,
974 639 1150 711 sanguinem
1166 638 1366 712 hiantibus,ex
1375 641 1449 716 ipsis
1464 641 1552 698 etiam
1566 641 1651 699 vobis
1662 640 1798 714 justissi-

113 728 298 800 utnusquam
313 726 502 784 hominiann
517 727 571 784 hoo
585 729 608 764 ⁶³
624 726 832 800 turpius‚quod
849 725 920 782 mali
974 727 1031 786 mis
1046 732 1075 784 et
1089 728 1284 787 severissimis
1300 730 1329 788 in
1345 747 1399 787 nos
1424 731 1598 802 praesidibus
1623 732 1701 806 apud
1727 748 1798 789 oon·

112 816 225 876 bominis
237 819 248 872 i
258 815 341 873 Certe
357 821 456 874 tamen
471 818 507 873 de
522 816 681 874 homicidio
695 816 861 872 tunditur.0
871 815 920 870 Jo·
972 815 1111 874 scientias
1127 818 1303 892 pulsem,qui
1317 824 1400 876 natos
1411 819 1465 876 sibi
1478 819 1585 877 liberos
1601 826 1720 880 enecent
1731 821 1800 895 (87).>

112 924 165 964 vern
179 905 379 962 Christianum
391 911 420 962 et
433 905 528 962 solum
543 906 635 979 patris
651 905 744 962 illium
765 906 801 962 de
815 904 919 960 crude·
974 905 1126 978 Siquidem
1141 913 1168 964 et
1184 908 1220 963 de
1236 924 1340 979 genere
1364 909 1445 966 necis
1460 909 1558 964 differt
1571 911 1594 945 u
1618 910 1719 983 utique
1733 926 1801 967 cru·

111 993 773 1068 litate(85)lSedqnoniamdeintanticidionihil
786 994 919 1062 interest,
974 994 1068 1051 delius
1083 995 1139 1069 (88)
1155 995 1184 1051 in
1200 1013 1259 1069 qua
1273 997 1411 1070 spiritum
1427 997 1617 1070 extorquetis,
1634 1004 1686 1054 aut
1700 998 1801 1071 frigori

110 1101 179 1142 sacro
189 1083 309 1141 tlssan
320 1082 440 1142 arbitrio
451 1090 634 1157 perpetretur
644 1082 918 1157 llicetparricidium
973 1089 1002 1140 et
1016 1083 1087 1140 lami
1102 1089 1131 1141 et
1144 1085 1267 1142 canibus
1282 1085 1339 1158 (89)
1354 1084 1499 1158 exponitis
1513 1111 1521 1156 ;
1536 1086 1613 1143 81⁰
1630 1087 1706 1144 terro
1721 1085 1801 1144 enim

804 1185 907 1250 Variae
922 1183 1084 1247 lectiones.

138 1281 376 1340 1ιονιιιιιοο
404 1283 517 1339 dovere.
554 1283 578 1320 ⁸⁹
600 1281 645 1339 Sic
665 1282 708 1338 ed.
728 1280 827 1346 libem,
848 1285 929 1348 itan,
952 1281 1135 1344 Semtscad.
1160 1285 1243 1353 Aput.
1271 1283 1467 1342 nomicidium
1492 1283 1660 1356 parricidio.
1684 1286 1746 1355 lito.
1775 1289 1803 1342 et

109 1357 160 1411 lue.
174 1355 241 1411 lioet
256 1356 292 1410 de
307 1355 446 1426 paricidio
462 1353 587 1412 intersit.
602 1354 654 1411 Sat
667 1357 723 1411 tota
735 1355 874 1410 sementia
891 1352 1002 1408 uidetm
1016 1369 1072 1408 uon
1085 1371 1104 1410 c
1119 1355 1230 1411 Tertult.
1245 1359 1369 1429 protecta
1383 1372 1449 1425 erae,
1501 1357 1523 1392 ⁷⁰
1538 1357 1647 1414 Hunno.
1677 1373 1693 1414 a
1716 1357 1802 1413 cotta·

109 1432 174 1482 tione
187 1425 320 1484 Modiana
339 1425 388 1482 :Si
404 1427 475 1499 quid
491 1433 518 1483 et
533 1428 690 1499 degenere
705 1423 809 1481 necis?
825 1423 935 1481 Differt.
953 1423 1068 1496 Utique,
1083 1435 1135 1483 cto.
1152 1428 1241 1496 Quum
1260 1431 1426 1502 scripturam
1448 1431 1555 1487 amoto
1582 1429 1679 1486 codun
1705 1428 1803 1485 ordine

107 1500 239 1555 anteum
250 1499 388 1556 &anterus
401 1513 505 1572 quoque
518 1501 641 1570 praetulit
655 1505 818 1557 caeurorum
833 1497 966 1552 librorum
980 1499 1150 1554 auctoritati.

816 1597 1078 1659 Commentarius.

106 1694 154 1752 sibi
168 1694 268 1780 gulam
283 1700 428 1768 prosecat.
445 1719 460 1746 n
476 1695 608 1753 Firmant
631 1695 785 1753 lectionem
809 1694 921 1751 Modia-
977 1695 1162 1753 sacramento
1190 1695 1364 1754 infanticidii
1394 1700 1524 1768 cruente,
1555 1697 1640 1772 quasi
1663 1701 1740 1754 Deus
1766 1713 1800 1754 au

107 1783 166 1823 unm
179 1767 264 1824 illam
277 1767 408 1824 Suetonii
423 1767 453 1824 in
469 1767 627 1852 Claudiqc.
638 1769 675 1822 25
690 1783 696 1823 :
715 1788 728 1819 a
743 1765 920 1823 Druidarum
978 1767 1118 1824 Dominus
1134 1773 1233 1825 noster
1248 1771 1393 1843 sauguine
1407 1771 1557 1844 gauderet,
1580 1769 1798 1842 homicidioque

108 1840 270 1912 religionem
285 1839 365 1911 apud
377 1839 476 1897 Gallos
491 1841 559 1897 dire
587 1838 782 1896 immanitatis
809 1842 921 1894 attan·
976 1839 1130 1895 coleretur.
1147 1841 1227 1906 Quod
1252 1841 1453 1899 Tertullianus
1481 1843 1576 1915 primo
1604 1841 1798 1899 falsissimum

106 1918 160 1968 tum
173 1913 289 1969 uiribus
304 1913 359 1967 sub
375 1917 507 1986 Augusto
522 1912 707 1969 interdictam
723 1911 840 1994 penitus
852 1909 922 1966 aba·
937 1946 962 2013 B
977 1925 1041 1966 ease
1056 1913 1194 1977 ostendit,
1210 1912 1315 1970 deinde
1329 1914 1439 1970 crimen
1454 1915 1552 1986 ipsum
1568 1914 1599 1968 in
1615 1920 1800 1972 accusatores

106 1983 176 2040 levit.
195 1983 303 2040 »Nam
319 1990 396 2040 certe
410 1985 533 2041 desiisse
549 1988 673 2040 testatur
696 1988 784 2039 etiam
802 1983 923 2053 Pompo·
977 1987 1135 2054 retorquet.
1151 1983 1265 2040 Etenim
1280 1989 1405 2042 Saturno
1421 2003 1474 2042 suo
1488 1987 1616 2043 intentes
1640 1985 1799 2056 immolari,

107 2056 164 2111 nius
177 2055 252 2112 uela
266 2054 318 2110 lib.
335 2070 406 2125 nuc.
422 2057 440 2110 2
455 2072 462 2112 :
479 2077 494 2106 «
510 2055 676 2127 Aliquando
691 2054 763 2110 adeo
778 2053 923 2110 immanes
976 2053 1132 2127 ipsumque
1148 2057 1218 2112 adeo
1234 2057 1359 2128 propriis
1374 2057 1443 2116 filiis
1454 2075 1512 2114 non
1524 2057 1697 2132 pepercisse,
1715 2057 1800 2115 unico

107 2127 179 2192 Galli,
195 2125 396 2183 utbomiuem
412 2127 613 2200 gratissimam
630 2125 843 2182 diiauirtimam
861 2141 922 2180 cre·
977 2126 1047 2182 Jove
1071 2126 1163 2198 patris
1187 2127 1270 2199 impii
1296 2129 1434 2186 dentibus
1466 2134 1563 2200 erepto
1588 2130 1666 2203 iuga.
1691 2129 1746 2186 Sed
1773 2131 1802 2184 et

106 2201 196 2254 darent
212 2215 219 2254 ε
236 2203 363 2254 manent
375 2199 498 2270 vestigia
513 2199 639 2255 feritatis
650 2199 713 2268 jam
741 2198 865 2266 abolitae,
878 2201 923 2252 at·
976 2197 1075 2254 lovem
1093 2201 1189 2254 Rome
1201 2215 1318 2273 quoque
1332 2199 1461 2256 humano
1476 2200 1618 2273 sanguine
1637 2200 1702 2257 coli.
1718 2199 1801 2258 Unde

106 2287 154 2342 qne
170 2275 200 2326 ut
214 2271 256 2326 ab
273 2270 388 2327 ultimis
414 2270 542 2328 cedibus
557 2276 733 2342 temperant,
760 2271 801 2324 ita
816 2269 920 2324 nibilo·
977 2270 1276 2344 eolligitpocaturque
1287 2272 1479 2329 exclamando
1491 2289 1499 2330 ι
1511 2273 1533 2330 0
1547 2273 1648 2330 lovem
1663 2272 1802 2329 Christia-

108 2345 194 2398 nrinus
207 2341 261 2398 ubi
276 2342 395 2398 devotas
410 2341 552 2399 alteribus
568 2345 733 2413 admovere,
749 2341 890 2397 delibant.
908 2361 922 2390 »ι
978 2358 1061 2407 num,
1086 2343 1136 2414 qui
1159 2342 1269 2400 scilicet
1292 2344 1422 2401 humano
1447 2345 1591 2418 sanguine
1606 2344 1715 2419 placari
1732 2343 1801 2399 vetit

105 2413 177 2470 Unde
190 2416 283 2469 etiam
298 2413 474 2486 Gallograeci
491 2415 527 2470 ab
543 2414 589 2472 his
613 2413 679 2483 orti,
695 2419 724 2470 et
751 2413 826 2470 ritus
854 2427 922 2468 cum
977 2418 1010 2468 ut
1024 2413 1157 2471 Christus
1173 2430 1180 2469 :
1197 2431 1264 2470 nam
1280 2414 1335 2472 boc
1349 2419 1385 2473 de
1400 2416 1514 2472 Christo
1530 2418 1608 2472 lama
1636 2415 1800 2473 calumnio-

105 2486 212 2542 nomine
227 2485 403 2552 retinentes,
419 2487 497 2560 apud
517 2487 532 2542 J
538 2485 682 2553 ustinum,
703 2500 780 2554 xxm,
804 2487 822 2538 2
838 2500 844 2540 :
859 2506 873 2535 a
891 2484 922 2539 ln
977 2485 1093 2543 sissima
1108 2485 1277 2556 vulgaverat
1292 2504 1300 2552 ς
1315 2490 1355 2554 et,
1370 2487 1459 2544 uotum
1472 2489 1560 2558 putris
1583 2487 1683 2560 fitium,
1714 2485 1801 2559 quasi

106 2558 227 2631 auspicia
253 2573 360 2631 pugne
389 2557 502 2616 hostias
530 2560 667 2614 cedunt:
694 2572 820 2630 quarum
848 2555 923 2611 extis
977 2556 1511 2616 boositetiamJovicommunecum
1527 2557 1799 2630 Christo,etquem·

106 2646 164 2686 cum
178 2629 767 2758 magnacedes,interitusqueomnium
780 2627 924 2712 prodice-
978 2630 1137 2685 admodum
1162 2627 1310 2686 Christum
1342 2629 1527 2704 unigenitum
1552 2629 1655 2686 'Patris
1694 2630 1798 2686 Filium

105 2707 155 2768 tur,
170 2719 227 2759 non
242 2702 275 2756 in
292 2701 441 2770 timorem,
457 2703 508 2759 aad
523 2703 554 2758 in
582 2717 697 2758 urorem
712 2715 922 2772 versr,speran·
977 2699 1143 2756 Christiana
1158 2700 1215 2756 flde
1238 2701 1397 2766 credimus,
1417 2702 1459 2758 sio
1483 2708 1512 2758 et
1536 2701 1653 2771 Jupiter
1676 2701 1758 2758 solue
1772 2706 1801 2757 et
1874 2749 1880 2760 .

105 2777 198 2846 tesqua
211 2774 338 2830 deorum
355 2775 452 2831 minas
466 2775 575 2846 expiari
590 2775 802 2830 carduenorum
826 2786 923 2843 poseo,
978 2773 1084 2830 unicus
1099 2772 1218 2828 Saturni
1234 2771 1313 2828 filius
1336 2772 1489 2830 habeatur.
1512 2772 1676 2846 Utrumque
1700 2777 1800 2830 autem

106 2847 237 2918 conjuges
254 2847 284 2900 et
298 2845 407 2901 liberos
425 2862 495 2903 auos
506 2845 663 2902 trucidant.
678 2865 692 2895 »r
709 2848 783 2900 tnta
810 2843 925 2917 legebar·
978 2843 1014 2900 de
1028 2843 1200 2900 crudelitate
1217 2859 1223 2899 :
1240 2846 1273 2900 lu
1296 2845 1353 2900 iter
1373 2844 1569 2917 Christianus,
1596 2845 1665 2917 quia
1686 2845 1800 2902 Ghristo

106 2922 157 2981 tur,
171 2923 330 2988 prosecant.
345 2917 416 2973 Hau.
977 2914 1121 2998 sanguine
1137 2915 1266 2971 bumana
1277 2861 1356 2971 filant
1372 2917 1603 2980 mentiebantur,
1620 2920 1653 2972 ut
1667 2915 1731 2974 lovi
1746 2933 1801 2973 suo

136 2988 189 3060 (83)
204 2987 397 3044 AEnendurum
416 2990 535 3059 piorum.
565 2987 608 3044 lta
623 3003 672 3044 eoa
699 2989 783 3043 vocat
811 2985 925 3041 ratione
980 2987 1080 3044 latiali
1097 3005 1104 3054 ;
1119 2985 1235 3060 Jupiter
1249 2986 1331 3044 solus
1347 2988 1441 3044 Patris
1455 2987 1619 3060 lilius,quia
1633 2987 1715 3044 solus
1726 2987 1801 3058 patri

106 3060 223 3118 auctoris
238 3059 360 3132 generis
374 3065 404 3116 et
417 3059 538 3186 originis
556 3060 618 3132 (qui
648 3057 753 3115 nullibi
783 3074 840 3113 non
870 3056 925 3112 bao
979 3063 1138 3130 superstes,
1154 3059 1267 3114 caeteris
1282 3058 1318 3115 ab
1333 3059 1459 3116 Saturno
1474 3059 1524 3116 illo
1540 3061 1687 3116 manduco
1702 3059 1803 3116 crude·

105 3133 355 3188 commendatione
368 3131 446 3204 apud
483 3135 578 3188 oetam
592 3130 809 3198 introducitur),
826 3129 876 3184 sed
892 3133 926 3183 nt
978 3129 1091 3186 lissima
1107 3129 1260 3186 devoratis.
1279 3130 1342 3186 ltro.

105 3203 185 3259 simul
200 3203 386 3275 impietatem
402 3201 519 3259 illorum
531 3202 587 3258 sub
597 3202 649 3258 teli
662 3199 923 3272 nominellegellet.
1015 3203 1072 3274 (87)
1086 3201 1232 3258 Natorrilrr'
1246 3202 1347 3258 liberor
1363 3205 1484 3258 enecant.
1509 3201 1532 3258 Ο
1556 3200 1685 3268 crudele,
1713 3216 1730 3256 o
1753 3198 1802 3256 in·

105 3275 348 3332 imitaturautsm
364 3275 479 3330 Lucret.
496 3273 725 3346 quillalib.vr,
754 3272 823 3328 1277
838 3273 923 3328 ltbe·
979 3272 1143 3328 humanum
1160 3273 1284 3343 lacinus,
1304 3273 1333 3329 in
1350 3273 1477 3330 intentes
1506 3273 1614 3330 terrum
1645 3272 1800 3345 stringere,

104 3347 243 3404 niensium
261 3346 404 3420 populum
418 3347 499 3419 ptum
514 3348 607 3414 vocat,
623 3347 674 3402 sed
692 3346 803 3417 ubsque
817 3343 922 3399 ironia:
938 3318 960 3387 G
979 3343 1090 3400 nullius
1108 3343 1255 3426 inimicos,
1271 3344 1383 3401 nullius
1406 3361 1480 3411 reos,
1505 3345 1555 3471 (zui
1580 3345 1624 3402 vel
1649 3346 1685 3402 ad
1700 3345 1800 3402 hostes

978 3417 1033 3472 sub
1046 3415 1139 3472 cultro
1162 3415 1296 3472 rideantl
1313 3420 1453 3472 ettamen
1479 3417 1508 3471 ni
1533 3415 1553 3472 il
1575 3417 1669 3489 magis
1695 3417 1799 3472 tritum

977 3488 1056 3562 apud
1071 3486 1148 3544 illos.
1164 3486 1245 3544 Unde
1260 3487 1413 3544 admiratio
1428 3487 1519 3544 simul
1538 3491 1567 3544 et
1580 3487 1663 3545 locus
1677 3488 1800 3544 Germa-

977 3575 1083 3616 norum
1097 3559 1174 3630 apud
1187 3559 1321 3614 Tacitum
1333 3560 1414 3615 are:
1429 3581 1444 3610 a
1461 3559 1623 3617 Numerum
1639 3559 1799 3616 liberorum

133 3632 185 3705 (8ι)
213 3635 326 3704 lauder
358 3635 479 3708 quidum.
511 3635 691 3692 Postremum
728 3648 827 3688 vocem
864 3647 922 3687 non
977 3631 1072 3700 linire,
1087 3635 1330 3713 autquomquam
1346 3631 1637 3703 exagnatisuecare,
1653 3630 1798 3706 flagitium

105 3707 306 3776 agnoscitne.
336 3706 366 3762 1..
396 3711 426 3762 B.
445 3706 585 3778 intelligit
612 3722 679 3762 vero
708 3705 862 3769 Latiarem,
887 3705 923 3759 de
976 3704 1110 3760 babetur.
1136 3723 1151 3752 ι)
1176 3700 1364 3774 Graviterque
1394 3701 1577 3776 impietatem
1600 3702 1688 3759 istam
1719 3707 1800 3760 taxat

101 3791 151 3846 qno
163 3777 238 3834 satis
255 3777 577 3852 multaaliilnsignem
592 3793 661 3834 vero
674 3776 808 3850 Cypriani
825 3778 922 3831 locum
977 3775 1113 3844 Labtant,
1129 3772 1180 3829 lib.
1195 3789 1234 3842 vi,
1250 3774 1285 3828 28
1302 3789 1308 3829 :
1326 3795 1339 3824 a
1356 3773 1431 3846 llrgo
1448 3791 1485 3830 ne
1500 3773 1574 3831 illud
1597 3774 1716 3847 quidem
1731 3791 1799 3830 con·

117 3849 225 3906 reducit
239 3849 272 3906 in
290 3849 371 3906 notis
390 3849 455 3906 suia
477 3850 668 3906 doctissimus
683 3851 726 3904 vir
753 3845 922 3904 Desideriua
977 3846 1039 3902 cedi
1054 3844 1161 3918 aliquis
1173 3845 1366 3913 existimabat
1380 3850 1511 3903 recentes
1526 3850 1611 3903 natos
1625 3846 1712 3902 liceat
1727 3845 1799 3904 obli·

101 3865 250 3977 {teraldus
269 3920 389 3977 videsis
405 3921 577 3994 pluraapud
589 3921 773 3978 Minucianoe
784 3921 924 3991 interpre-
977 3915 1357 3989 dererquaerelmaxima
1387 3921 1431 3975 est
1458 3916 1604 3989 impietas.
1634 3918 1678 3972 nd
1708 3918 1801 3974 vitam

157 3463 208 3514 Nec
222 3477 284 3514 moa
300 3463 342 3514 llle
358 3464 504 3527 sepulturae
519 3463 675 3514 remanebat
688 3462 715 3510 in
734 3462 808 3521 urbe,

157 3525 188 3577 lli
201 3527 266 3590 pina
280 3525 327 3576 bie
340 3527 456 3591 populus
468 3539 577 3592 semper
590 3526 734 3578 consuerat
747 3521 863 3575 humari.

102 3992 496 4050 tes.llireveraidolimin
521 4010 603 4050 more
629 3993 720 4050 tuisse
748 3993 833 4048 docet
857 3989 922 4118 rgu-
977 3989 1055 4048 enim
1071 3987 1149 4045 Deus
1163 3987 1288 4061 inspirat
1302 3988 1428 4056 animas,
1443 4007 1501 4046 non
1525 3989 1562 4046 ad
1586 3993 1708 4046 mortem
1744 3989 1800 4045 Ve-

101 4062 175 4120 ribua
190 4065 326 4134 Scaliger
340 4065 376 4120 ad
393 4065 552 4121 Eusebium
569 4082 598 4139 p.
615 4065 662 4131 56,
684 4069 713 4120 et
737 4064 787 4136 qui
813 4078 847 4118 ex

104 4134 145 4190 nio
158 4136 257 4200 docet,
273 4136 394 4208 quaudo
409 4137 446 4192 ab
460 4137 516 4194 hnc
530 4135 702 4193 crudelitato
717 4134 756 4192 sit
778 4139 924 4207 tempera·
978 4150 1037 4191 non
1053 4131 1196 4205 polluant,
1211 4131 1277 4188 rudi
1300 4149 1336 4191 ue
1350 4132 1456 4202 adhuc,
1472 4131 1693 4206 etsimplicibus
1708 4131 1802 4187 animi

102 4209 166 4274 lum,
182 4207 212 4262 in
229 4209 321 4280 cujus
336 4207 472 4264 sacrificii
485 4207 582 4265 locum
598 4207 718 4278 sanguia
745 4205 850 4262 deinde
873 4205 923 4261 be·
978 4203 1233 4278 abnegantlucem
1251 4221 1308 4262 nun
1336 4220 1353 4260 e
1381 4221 1413 4260 se
1441 4205 1551 4261 datam.
1580 4225 1595 4255 a
1624 4202 1706 4259 Clare
1732 4218 1800 4260 vero

102 4277 266 4335 rtiariorum
282 4280 428 4335 successit
442 4280 563 4338 ellueus.
582 4277 757 4338 Prudentius
771 4295 845 4336 vars.
861 4276 924 4347 379,
979 4283 1060 4334 Barr.
1076 4281 1105 4333 et
1118 4274 1187 4332 hinc
1203 4292 1260 4332 ma.
1277 4274 1360 4332 Fuld.
1377 4277 1534 4348 proterunt
1545 4278 1677 4333 auertunt.

103 4347 148 4404 lib.
163 4367 183 4417 1,
200 4350 311 4408 Contra
326 4349 432 4423 Syrum.
1016 4347 1072 4420 (88)
1096 4346 1194 4420 Siquid
1219 4351 1244 4404 et
1265 4347 1299 4406 de
1331 4363 1429 4432 genere
1463 4349 1546 4414 uene,
1570 4351 1638 4404 etc..
1664 4345 1708 4402 lta
1728 4342 1804 4409 coll,

155 4455 271 4522 Rapio,
286 4456 396 4508 “nigei
412 4457 542 4509 mlum
557 4457 674 4508 mm
687 4455 762 4518 Dim,
981 4419 1124 4485 Mediana,
1141 4421 1261 4476 omnino
1273 4419 1380 4476 melius
1399 4435 1489 4491 quam
1504 4419 1568 4490 alii,
1582 4416 1719 4490 siquidem
1733 4423 1757 4474 et
1772 4415 1807 4472 de

156 4519 204 4570 cui
218 4520 295 4570 cadit
309 4520 428 4570 inlausta
442 4520 521 4571 lusus
533 4519 665 4583 gladiator
679 4531 767 4574 arena.
980 4493 1170 4567 [mmmm
1184 4491 1286 4565 differis
1301 4493 1408 4564 “utimr
1431 4495 1486 4548 ⁰10·
1512 4507 1579 4547 ⁰⁰1⁰
1605 4490 1708 4562 ¹²2qu
1734 4505 1807 4562 ΨΟ·

157 4581 215 4633 Han
232 4582 439 4634 maletustrater
455 4578 871 4648 Pilagetontiavictimsltomre!
982 4578 1099 4647 cunque
1115 4564 1202 4620 modo
1216 4568 1416 4648 perpetratum
1432 4563 1472 4647 sit
1483 4561 1674 4635 parricidium
1701 4562 1731 4644 et
1755 4561 1807 4618 bo·

984 4635 1149 4704 micrdrum,
1171 4639 1271 4692 tamen
1296 4652 1321 4691 er
1346 4639 1374 4690 et
1406 4651 1486 4692 necas
1511 4651 1605 4708 genua
1628 4632 1808 4699 consideres,

104 4676 202 4740 Quidni
214 4680 313 4754 igitur
329 4697 509 4752 mmmmm
532 4679 583 4738 ¹¹¹⁸
605 4683 720 4737 &⁰⁶⁰³
745 4678 776 4734 ¹¹¹
800 4681 930 4735 ⁰¹tf⁰m⁰
946 4686 1062 4764 Daliud
1073 4706 1130 4762 alio
1145 4711 1191 4764 est
1203 4705 1351 4763 crudelius
1365 4724 1372 4776 ;
1387 4707 1496 4764 terrum
1513 4707 1591 4780 quod
1607 4705 1664 4762 cito
1680 4704 1811 4761 absumit

105 4745 234 4819 ‘’wi‘’
250 4768 331 4811 'm'
347 4751 423 4808 978²
984 4780 1148 4843 hominem,
1164 4780 1302 4905 quodque
1315 4777 1382 4834 ideo
1399 4780 1526 4851 majores
1540 4783 1622 4834 natu.
1643 4776 1811 4833 occidentes

159 4856 230 4908 Urbe
246 4861 290 4908 eat
305 4860 399 4908 nostro
415 4857 505 4908 mittor
518 4857 600 4920 lulis,
986 4867 1017 4908 se
1029 4851 1153 4924 eligunt,
1182 4851 1269 4907 enine
1283 4849 1387 4906 mortis
1402 4866 1495 4922 genus
1511 4855 1556 4906 est
1569 4865 1659 4922 quam
1679 4847 1765 4919 longa
1780 4848 1811 4904 in

888 4061 922 4117 li·
977 4078 1043 4119 rum
1059 4059 1204 4128 homines,
1219 4075 1256 4116 ne
1271 4061 1348 4188 (Luam
1364 4060 1403 4117 sit
1418 4061 1604 4132 facinusque
1616 4075 1801 4116 mauussuas

165 4919 197 4969 Et
209 4921 365 4996 Taurofnm
380 4921 493 4994 barbara
508 4921 596 4971 tellus.
987 4922 1073 4995 aquis
1084 4921 1218 4995 jactatio,
1234 4926 1285 4979 aut
1299 4922 1406 4994 frigore
1423 4923 1534 4979 lamere
1548 4919 1753 4993 comsumptio,
1761 4925 1812 4976 aut

162 4981 634 5096 ggffiflsgnffrffid?muza&
988 4994 1113 5078 denique
1133 4993 1286 5079 vivayivo
1310 4993 1428 5067 sepeliri
1452 5010 1575 5077 corpora
1596 4997 1696 5062 busto,
1719 4997 1752 5076 ut
1765 4991 1809 5077 lo·

533 5059 550 5110 ⁸
988 5064 1812 5210 ιιιιιιιιιιιιιιιειιιιιιιιιιιιι

140 5203 265 5277 (ὃὸιδθά
288 5204 427 5274 Bertturtt,
458 5203 654 5266 Bertlurorum.
683 5202 729 5260 ed·
761 5201 874 5259 Burroei·
900 5201 935 5256 Ηὶ
990 5207 1323 5267 f.etc.e.lerroenim
1339 5182 1608 5280 morioetaeq.’m.
1633 5206 1815 5280 optauitlta

111 5283 175 5331 ¹⁰⁰2
197 5277 251 5348 <lui
280 5291 347 5332 ⁰⁰³¹
373 5275 459 5334 [108ιῆ
491 5291 544 5332 ⁰⁰¹¹
569 5277 756 5333 lfldissbfllliuf
779 5274 810 5330 ίῐ1
836 5289 934 5340 alent,
989 5296 1056 5338 uero
1072 5280 1288 5350 distingueret
1302 5279 1400 5353 siquid
1416 5284 1445 5336 et
1459 5282 1495 5337 de
1512 5297 1618 5355 genere
1636 5279 1816 5337 necitdil·

111 5350 167 5402 siue
181 5351 336 5404 nocentes.
354 5347 414 5404 aive
426 5347 527 5421 inopia
542 5293 669 5418 ifflorum,
685 5346 735 5402 alii
750 5361 817 5401 oum
834 5346 937 5428 imma·
992 5353 1058 5410 fert.
1074 5351 1180 5422 Utique
1195 5351 1342 5410 crudelius
1356 5352 1386 5408 in
1403 5369 1490 5424 aqua,
1510 5376 1520 5402 ι
1538 5357 1592 5409 ete.
1608 5355 1678 5411 fluv.

112 5420 193 5474 nibus
209 5419 285 5475 ieris
301 5419 472 5492 comparati.
489 5421 574 5476 Hisce
590 5419 728 5475 ultimum
752 5419 937 5474 caenantibus
1026 5421 1082 5495 (89)
1097 5425 1212 5493 Frigori
1223 5432 1249 5480 el
1263 5426 1333 5497 sami
1347 5427 1373 5482 et
1386 5425 1501 5481 curribus
1514 5425 1664 5497 exponitis,
1681 5423 1814 5482 Lactant-

112 5488 272 5546 liberaliter
288 5491 489 5562 apponebatur
503 5505 614 5548 mensa.
631 5491 707 5563 Apol.
730 5505 755 5544 c.
771 5490 807 5545 le
823 5505 830 5545 r
847 5511 861 5539 «
873 5489 936 5545 Non
991 5493 1011 5549 l.
1025 5511 1054 5550 v.
1071 5511 1079 5551 ε
1095 5517 1109 5546 «
1126 5494 1197 5559 Quis
1213 5501 1296 5553 natos
1311 5513 1345 5554 ex
1363 5509 1394 5552 se
1418 5512 1524 5569 pueros
1545 5501 1597 5552 aut
1617 5493 1814 5567 strangulant,

113 5561 140 5616 in
155 5561 277 5634 publico
292 5562 464 5619 liberalibus
487 5563 652 5633 discumbo,
681 5561 758 5636 quod
788 5560 938 5616 bestiariis
992 5570 1044 5622 aut
1066 5564 1091 5622 si
1112 5566 1238 5624 nimium
1263 5567 1302 5641 pil
1331 5565 1450 5632 luerint,
1480 5573 1632 5641 exponunt
1653 5568 1813 5626 iterumn,
1868 5571 1872 5578 ·

114 5649 144 5686 an
168 5649 253 5688 rema
269 5634 454 5690 coenantibue
470 5650 534 5691 mos
548 5639 603 5692 est.
622 5657 632 5684 ι
991 5637 1027 5692 20
1044 5653 1050 5693 :
1067 5636 1282 5714 Quidilli,quos
1296 5639 1370 5696 laisa
1385 5639 1479 5712 pietas
1494 5641 1721 5712 cogitexponere
1733 5651 1740 5688 ε
1750 5633 1813 5687 Non

147 5650 202 5774 Fssssl
217 5703 241 5762 0
257 5705 351 5762 lovem
366 5705 555 5763 Christianum
569 5709 597 5763 ut
618 5707 708 5763 colum
729 5703 826 5787 patrie
849 5703 940 5774 filium
994 5714 1119 5780 possunt
1132 5711 1304 5770 innocentes
1317 5712 1490 5781 existimari,
1515 5711 1566 5784 qui
1590 5709 1700 5763 viscera
1715 5719 1769 5784 sua
1783 5703 1814 5757 in

116 5773 145 5831 tc
157 5775 238 5833 crud.
253 5775 475 5851 Obiiciebentur
499 5776 673 5834 Christianis
695 5775 781 5832 initia
804 5775 938 5846 quedam
994 5781 1121 5854 predam
1137 5784 1262 5841 canibus
1276 5782 1630 5856 objiciuntretquantum
1641 5776 1672 5832 in
1688 5773 1761 5846 ipsis
1771 5775 1817 5834 est
