4102 6178
251 307 324 372 som
528 305 791 370 raarornuulr
813 299 973 369 osellae
997 279 1718 374 raus1.-sna1as1.arouoeurrox.'
1789 269 1799 338 J
1843 303 1908 370 luat

252 443 391 500 libertatis
418 441 470 499 sub
492 445 697 498 amloromaco
722 439 907 514 (Tertullian.
936 439 1073 512 Apctcpel.
1089 441 1116 508 A
1132 440 1219 511 atque
1243 436 1356 508 habitu,
1372 437 1489 509 iudidio,
1512 437 1608 510 inquil
1630 435 1817 506 Tertullianus,
1830 441 1910 496 aslum

250 547 314 606 cap.
329 531 374 602 39,
392 547 459 605 pag.
478 531 551 603 475),
573 531 602 587 id
627 535 682 599 est,
700 531 948 604 quemadmodum
973 546 1008 585 ex
1031 529 1073 585 cl·
1127 529 1286 584 tundebant
1300 527 1432 601 (Tertull.
1457 529 1599 602 Apoloqst
1623 545 1684 600 cap.
1714 528 1753 599 lo,
1774 545 1831 603 pag.
1850 531 1910 600 lat).

248 634 363 688 carone,
388 619 527 676 Suetonio
552 619 677 692 aliisque
692 619 852 693 colligitur,
868 618 951 691 quasi
963 619 1074 691 slipen·
1127 615 1243 688 Siquid
1260 621 1360 674 autem
1376 634 1482 675 nomen
1498 618 1604 674 invidia
1619 617 1792 674 obscuritatis
1814 619 1847 673 ibi
1867 619 1910 675 ha·

249 708 309 780 dio,
324 709 417 781 prelio
443 715 472 765 et
500 709 634 766 mercede
663 711 764 764 uentris
791 711 867 764 iuter
893 707 1073 765 contumelias
1128 706 1205 774 beat,
1222 707 1291 765 huic
1305 706 1402 765 lucem
1416 710 1546 782 aliquam
1563 709 1664 765 allerra
1679 713 1842 780 possuntea,
1861 726 1911 780 que

248 797 399 868 minandi
413 798 515 870 (Cicer.
533 797 583 852 lib.
605 815 614 852 1
635 797 669 852 dc
692 798 764 866 ulfic.
790 813 856 870 pag.
875 796 939 866 372,
965 797 1017 850 liu.
1034 797 1070 864 3;
1127 794 1163 850 de
1179 795 1315 868 ipsismet
1330 797 1456 854 ethnicis
1477 797 1546 854 alibi
1572 795 1690 854 tradidit
1704 815 1710 853 :
1726 819 1739 847 o
1753 799 1826 869 Apud
1840 814 1911 869 quss-

247 886 485 944 Sueton.lib.111
502 887 551 943 Vit.
570 887 656 942 liber.
672 886 687 958 ξ
705 887 744 954 7).
761 885 823 940 alio
838 892 935 942 autem
952 886 981 940 iu
997 885 1071 941 libro
1126 883 1194 940 dam
1210 883 1341 942 colonias
1356 903 1454 943 annuo
1479 887 1535 942 ritu
1564 886 1640 944 sacci
1668 886 1760 955 velati,
1785 890 1811 942 et
1834 885 1912 943 cinere

248 977 511 1034 eosvocatcentn's
534 977 686 1047 speculas,
709 990 784 1046 quos
804 974 946 1046 patientia
967 991 985 1029 a
1009 973 1071 1029 dia·
1125 973 1286 1046 conspersi,
1315 974 1402 1032 idolis
1430 977 1494 1032 suis
1523 976 1661 1032 invidiam
1687 975 1834 1048 supplicem
1854 975 1911 1046 obji-

249 1065 314 1123 holo
342 1064 485 1138 inspirata
511 1064 716 1122 contumeliosis
752 1065 877 1136 petronis
902 1063 1073 1134 subjectione
1126 1060 1217 1118 ciunt.
1235 1104 1242 1118 .
1260 1105 1267 1119 .
1285 1103 1292 1118 .
1312 1061 1502 1122 Niniviticum
1517 1066 1603 1121 creda
1613 1063 1768 1137 justitium.
1783 1086 1796 1114 u
1810 1068 1844 1120 lte
1859 1080 1913 1120 ssu-

247 1154 381 1212 lilertutis
396 1153 501 1210 addicit
517 1152 648 1226 (Tertull.
664 1152 696 1210 de
707 1154 826 1225 polleat.
852 1153 908 1208 sub
932 1152 983 1208 ilu.
1005 1168 1070 1224 cap,
1125 1151 1180 1207 ctis
1195 1167 1262 1209 vero
1278 1154 1456 1226 martyribus
1471 1154 1581 1211 nostris
1598 1171 1605 1210 :
1624 1175 1638 1204 u
1652 1155 1778 1210 Clamant
1790 1153 1823 1210 ad
1835 1151 1913 1208 bomi-

247 1245 302 1315 lc).
327 1244 383 1301 Sed
408 1243 483 1300 hanc
509 1242 767 1314 ignavissimorum
785 1241 938 1298 hominum
954 1249 1071 1314 gentem
1124 1257 1197 1296 nunu
1215 1240 1323 1298 invidia
1336 1241 1441 1299 anima
1456 1249 1617 1316 martyrum
1633 1242 1687 1299 sub
1701 1241 1912 1308 altaritououasu

247 1349 307 1406 prce
322 1331 432 1388 coeteris
448 1331 586 1405 graphice
600 1331 755 1387 Terentius
770 1329 913 1402 depingit,
931 1347 1018 1402 quem
1045 1329 1070 1385 si
1125 1344 1221 1402 usque
1236 1347 1293 1387 non
1310 1330 1469 1404 ulcisceris,
1481 1331 1613 1404 Domine,
1625 1331 1790 1404 sanguinem
1804 1336 1913 1386 nostrum

153 1421 155 1428 ’
246 1420 327 1477 adire
352 1426 379 1476 ta
406 1436 463 1476 non
489 1419 597 1492 pigeat,
621 1421 701 1491 quod
722 1421 751 1475 in
775 1419 947 1475 'l'ertulliani
974 1418 1070 1474 verbis
1126 1417 1913 1494 deiucolisterrae?»ildemdeOrut.cap.5.)lllerum

245 1509 404 1566 obscurum
434 1509 572 1577 invenies,
589 1508 764 1582 explicatum
794 1509 917 1565 habebis
942 1509 1069 1576 (Terent.
1125 1507 1212 1562 etiam
1238 1509 1389 1565 cicatrices
1417 1515 1500 1565 vocat
1525 1509 1678 1566 insidiosus
1702 1507 1770 1580 apud
1792 1507 1914 1572 Christum,

243 1597 583 1669 auuu·ls.act.11,seen.
603 1600 643 1668 u).
1124 1598 1173 1668 qui
1199 1599 1297 1654 elcese
1324 1601 1470 1672 cupierunt
1498 1599 1590 1672 (Idem
1606 1599 1644 1655 lle
1664 1600 1778 1654 Pudicit.
1806 1597 1833 1652 in
1856 1597 1913 1664 dub.

280 1689 321 1744 Ab
335 1687 383 1744 his
403 1687 505 1760 utique
520 1687 658 1744 omuibus
675 1687 746 1744 adeo
762 1686 966 1761 intemperatis
985 1702 1019 1742 ac
1033 1683 1069 1740 li·
1125 1686 1200 1751 Quin
1217 1688 1306 1743 etiam
1322 1688 1358 1744 da
1382 1689 1541 1760 semetipso
1566 1687 1702 1745 similiter
1728 1687 1797 1744 dixit
1810 1703 1816 1742 :
1831 1709 1843 1737 r
1857 1685 1915 1742 ldalo

244 1775 388 1834 bidlnosis
407 1775 591 1833 ethnicorum
613 1776 704 1833 coenis
733 1782 762 1833 et
785 1776 924 1833 conviviis
952 1775 1070 1848 penitus
1126 1775 1266 1833 invidiam
1282 1776 1319 1845 ei,
1336 1777 1394 1834 Deo
1417 1777 1561 1848 videlicet,
1577 1777 1672 1835 iacere
1694 1793 1743 1848 per
1765 1776 1914 1833 uoluntatem

245 1865 442 1923 abhorrebant
467 1865 635 1934 christiani,
663 1867 712 1938 qui
752 1882 859 1938 corpus
893 1881 980 1922 sunm
1009 1821 1218 1937 tamBipsiua
1234 1867 1494 1939 pereundo,'quam
1506 1867 1596 1924 bilem
1608 1883 1660 1941 per
1671 1881 1767 1923 meum
1780 1863 1915 1922 eradendos

244 1953 510 2028 lougisdurisque,
535 1955 612 2011 sicut
631 1955 773 2022 diximus,
786 1955 911 2027 jeiuniis
941 1969 1070 2010 macera·
1123 1955 1217 2024 (idem
1247 1957 1280 2012 dc
1305 1959 1371 2029 Fup.
1400 1958 1430 2014 iu
1457 1973 1558 2030 perses.
1587 1975 1653 2031 cap.
1679 1959 1732 2030 18).
1747 1955 1816 2022 Ouid
1828 1955 1916 2028 plural

242 2042 325 2116 bant,
336 2047 501 2116 etquorum
511 2060 594 2099 ecana
608 2041 729 2098 omnino
743 2042 867 2117 lrugalis
877 2047 906 2100 et
917 2042 1070 2100 modestis·
1123 2043 1231 2100 Statius
1252 2045 1302 2102 uhi
1318 2052 1441 2103 mortem
1469 2044 1560 2120 patris
1584 2046 1726 2119 deplorat,
1741 2047 1798 2102 hac
1812 2041 1914 2101 cecinit:

242 2148 320 2190 mma
333 2136 406 2203 Μ’
422 2133 464 2189 uti
482 2137 582 2206 9⁰⁸t⁰⁰
596 2133 795 2190 ⁰⁵t⁰nd⁰mu⁸·
1170 2167 1257 2232 blajor
1270 2173 1342 2220 certa
1357 2170 1424 2222 alios
1438 2185 1551 2235 superos
1565 2174 1592 2222 ct
1604 2173 1705 2222 tartara
1719 2169 1818 2236 pulsem

553 2291 711 2333 ARTlCUtUS
731 2293 762 2332 u.
1171 2230 1283 2285 laudm·
1296 2295 1372 2358 (Stat.
1387 2294 1434 2346 lib.
1451 2309 1475 2344 rx
1491 2295 1598 2360 Syleos.
1616 2297 1645 2347 in
1657 2297 1740 2363 putris
1754 2293 1859 2361 Epicurl.)

243 2367 333 2437 Quem
350 2367 457 2422 diuersa
479 2370 595 2438 luerunt
619 2367 825 2435 poeuileutlclic
849 2365 1070 2423 Christianorum

276 2455 309 2494 oc
322 2441 469 2510 perititiam
483 2454 577 2510 opera,
599 2439 696 2510 quibus
710 2438 756 2493 illl
769 2438 866 2492 calum
885 2436 988 2493 inuidia
1004 2444 1070 2492 tua·
1124 2435 1251 2492 Rursum
1268 2439 1366 2495 autem
1383 2439 1412 2494 in
1428 2438 1481 2494 lilii
1497 2439 1635 2512 llpicedlo
1652 2455 1660 2497 :

277 2511 420 2576 debuntbi
432 2527 495 2566 veru
512 2511 605 2582 impiis
619 2510 863 2583 superstitionibus
876 2525 974 2566 cerum
984 2508 1071 2564 Deum

279 2597 392 2653 temper,
402 2583 567 2638 irritabant.
1171 2614 1343 2630 .....
1377 2581 1473 2631 Nonne
1488 2580 1614 2633 horridus
1628 2583 1703 2645 ipsos

1170 2641 1275 2694 lusidio
1290 2657 1402 2706 superos
1417 2644 1571 2710 iniustaque
1583 2649 1685 2696 tartara
1701 2642 1820 2708 pulsem?

281 2707 359 2764 Satis
379 2705 554 2763 Christianis
570 2724 627 2763 uon
644 2705 699 2763 luit
714 2723 771 2763 non
787 2705 883 2763 solum
899 2705 1024 2778 publicis
1039 2705 1069 2761 in
1171 2705 1267 2756 Nonne
1280 2720 1386 2770 aemam
1399 2711 1436 2767 te,
1451 2707 1530 2760 thare
1544 2710 1633 2772 puer?
1848 2765 1852 2776 ,

245 2795 474 2860 calamitatibus,
491 2796 541 2852 sed
571 2795 638 2853 aliis
663 2797 751 2852 eliam
775 2795 879 2852 diebus
896 2799 953 2850 tam
971 2811 1071 2851 severa
1810 2765 1883 2826 (Μ’)

245 2888 422 2957 austeraque
444 2885 623 2956 jejuniorum
638 2885 839 2942 observatione
854 2884 927 2940 iram
945 2883 992 2940 Dei
1010 2882 1069 2956 pla·
1124 2889 1163 2942 at
1177 2901 1248 2941 saue
1266 2889 1383 2943 constat
1404 2903 1510 2944 nomen
1526 2885 1642 2944 invidiae
1659 2887 1695 2944 iis
1710 2886 1838 2944 omnibus
1849 2883 1874 2939 in
1887 2882 1918 2938 lo-

247 2992 330 3046 care,
347 2977 398 3033 sed
415 2977 445 3032 tu
457 2991 534 3033 socco
548 2977 647 3046 etiam,
659 2977 700 3034 ait
714 2975 922 3044 Tertullianus,
937 2979 965 3030 el
978 2975 1072 3030 cinere
1124 2976 1167 3032 cis
1183 2992 1241 3032 nou
1256 2977 1406 3032 communi
1427 2976 1509 3034 illius
1523 2976 1693 3051 significatu
1710 2977 1797 3049 accipi
1812 2991 1856 3049 pro
1868 2969 1919 3028 odio

245 3068 404 3124 uolutantes
417 3065 505 3138 (male
519 3065 549 3122 in
564 3066 681 3122 duobus
692 3065 906 3135 antiquioribus
921 3064 1071 3120 codicibus
1124 3068 1153 3121 et
1167 3063 1382 3132 malevolentia,
1398 3069 1449 3122 aul
1464 3067 1499 3120 de
1514 3068 1665 3140 prosperis
1680 3067 1839 3139 cuiuspiam
1851 3063 1920 3119 rebus

247 3157 357 3214 nostris
384 3155 558 3225 volvituntes,
589 3155 687 3211 littera
710 3157 721 3211 i
750 3159 925 3227 praepostere
951 3151 1070 3224 addita),
1086 3192 1108 3261 C
1126 3153 1235 3210 dolore.
1251 3153 1324 3209 Nam
1340 3153 1398 3210 ista
1411 3155 1441 3210 in
1457 3154 1548 3212 Deum
1565 3172 1617 3212 nec
1637 3157 1816 3223 cadunt,nec
1830 3152 1862 3209 iis
1873 3155 1920 3206 tau·

245 3245 353 3302 inuidia
394 3245 492 3300 calum
535 3243 678 3300 tundimus
714 3242 897 3310 (Tertullian.
934 3242 1069 3314 Apclcpct.
1129 3242 1218 3316 gitur,
1242 3248 1293 3299 aut
1316 3243 1458 3299 excitatur
1481 3245 1517 3300 ad
1542 3244 1784 3302 misericordiam.
1809 3245 1840 3298 et
1862 3243 1921 3296 aeds

246 3351 310 3407 cap.
326 3333 371 3404 lc,
396 3349 462 3407 pag.
488 3333 563 3406 1187).
586 3333 660 3389 Tum
685 3332 786 3405 itaque
807 3337 898 3388 Deum
916 3329 1074 3412 exoraturi,
1129 3331 1227 3389 Cicero
1252 3331 1361 3389 latetur
1382 3333 1554 3406 ambiguum
1581 3350 1648 3390 esse
1671 3349 1775 3393 nomen
1800 3329 1919 3388 insidia:

250 3441 317 3482 sess
330 3422 502 3480 volutabant
516 3425 546 3480 in
562 3429 684 3480 saccoet
700 3422 806 3488 cinere,
818 3439 875 3477 non
887 3437 970 3478 secus
986 3425 1075 3492 atqua
1128 3441 1143 3471 a
1160 3421 1241 3487 Quod
1257 3423 1390 3490 verbum,
1416 3421 1520 3494 inquit,
1541 3422 1666 3479 ductum
1690 3429 1736 3480 est
1757 3439 1774 3478 a
1796 3419 1873 3476 ulmis
1885 3417 1921 3471 iu·

245 3513 296 3570 alii
309 3513 359 3585 qui
375 3512 522 3585 publicam
539 3513 576 3568 ob
605 3510 702 3568 scelus
729 3526 816 3582 grave
838 3509 956 3583 aliquod
976 3509 1005 3564 in
1021 3515 1073 3564 llo.
1125 3510 1236 3566 luendo
1251 3510 1399 3565 iortunnm
1412 3509 1543 3582 ulterius,
1559 3512 1595 3568 ut
1605 3511 1693 3568 estin
1710 3510 1879 3583 Menalippa:

245 3601 347 3658 oleaiis
381 3601 579 3671 paenitentiam
618 3601 753 3672 agebant.
784 3601 890 3656 Horum
926 3602 1072 3657 enimuero
1552 3601 1558 3614 ’

243 3711 260 3742 a
274 3689 442 3762 disciplina,
458 3689 536 3746 sicut
561 3689 630 3746 alibi
646 3695 756 3746 Auctor
776 3694 875 3744 noster
888 3689 1020 3760 tradidit,
1036 3692 1073 3747 de

241 3777 306 3850 lpse
321 3777 436 3846 habitu,
465 3784 553 3850 atque
577 3780 664 3850 victu,
682 3779 802 3834 maudut
817 3794 901 3833 sacco
926 3782 955 3834 et
980 3777 1070 3834 cineri
1124 3779 1198 3836 Male
1212 3779 1312 3835 Latine
1326 3779 1449 3847 ridetur,
1465 3780 1515 3836 sed
1531 3779 1672 3852 praeclare
1687 3782 1783 3837 latius
1797 3796 1804 3836 ε
1820 3782 1849 3834 ot
1861 3772 1921 3831 enin

240 3865 391 3937 incubare,
401 3885 509 3941 corpus
519 3870 657 3926 sordibus
672 3869 841 3938 obscurare,
853 3868 985 3923 animum
1003 3885 1070 3924 mue·
1124 3867 1232 3936 videre,
1247 3867 1289 3924 sic
1305 3867 1436 3924 invidere
1450 3869 1546 3939 iterem
1560 3871 1681 3938 rectius,
1698 3885 1786 3942 quarn
1799 3867 1856 3939 llari
1867 3859 1922 3918 dici·

239 3958 357 4014 roribus
383 3957 512 4030 dejicere
537 3978 552 4008 u
583 3958 684 4030 (idem.
711 3957 743 4014 de
770 3959 871 4014 Parit.
896 3973 960 4028 cap.
979 3957 1017 4028 9).
1035 3957 1070 4013 dt
1123 3960 1181 4013 tur.
1211 3957 1270 4013 Nos
1293 3957 1508 4022 consuetudine
1531 3956 1725 4029 prohibemur
1752 3974 1760 4014 ι
1789 3959 1866 4031 poeta
1887 3952 1923 4020 itt

239 4046 409 4120 paulopost
430 4065 467 4104 :s
486 4051 573 4102 Extra
599 4047 730 4104 laetitiam
745 4051 859 4120 oportet
872 4045 1022 4112 diversari,
1039 4045 1067 4101 in
1123 4062 1212 4102 suum
1240 4045 1345 4115 tenuit,
1371 4050 1401 4102 et
1424 4045 1508 4116 dixit,
1532 4046 1677 4104 audacius
1693 4069 1708 4099 u
1728 4047 1826 4120 (Cicer.
1840 4042 1882 4098 lih
1899 4051 1923 4092 ¹11

239 4135 441 4208 asperitudine
463 4135 551 4204 sacci,
577 4140 606 4192 et
631 4135 749 4192 horrore
773 4135 889 4202 cineris,
906 4139 935 4190 et
950 4133 1009 4190 oris
1032 4143 1069 4190 de
1125 4135 1232 4191 Tuscul.
1254 4150 1320 4208 pag.
1339 4133 1466 4203 15l‚lin.
1483 4134 1539 4208 l0).
1556 4135 1630 4199 Quid
1652 4151 1723 4211 ergo
1746 4136 1771 4193 si
1792 4127 1923 4191 Tertullin-

234 4223 350 4296 jeJunio
365 4225 523 4282 vanitates
545 4225 648 4296 (ldam,
673 4225 745 4282 ibid.
766 4241 829 4297 cap.
854 4224 909 4296 tl).
934 4227 969 4278 llt
990 4227 1067 4280 certe
1122 4241 1178 4280 nus
1199 4239 1306 4281 nomen
1333 4223 1448 4280 inuidia
1472 4224 1585 4296 eodem,
1600 4231 1689 4297 atque
1719 4226 1826 4292 Actius,
1852 4230 1923 4278 uentu

238 4313 399 4385 Cyprianus
424 4313 524 4386 lapsos
547 4315 583 4370 ad
610 4314 814 4388 poenitentiam
833 4311 879 4368 his
903 4312 1066 4368 uerbisad·
1121 4311 1276 4385 acceperit,
1301 4328 1353 4384 pro
1388 4313 1509 4385 intuitu,
1542 4313 1608 4369 visu
1638 4318 1668 4371 et
1697 4319 1815 4388 aspectu
1840 4300 1922 4366 miseri

237 4400 375 4458 hortatur
390 4419 396 4458 :
413 4425 427 4454 u
445 4407 535 4460 Orare
567 4407 681 4476 oportet
707 4401 870 4474 impensius
897 4407 938 4459 et·
954 4418 1066 4474 rogare,
1120 4405 1219 4459 status
1233 4406 1263 4458 et
1282 4401 1401 4458 habitus
1422 4402 1627 4474 poenitentium
1643 4391 1923 4466 christianorumqui

239 4488 317 4545 diem
345 4490 425 4547 luctu
452 4495 626 4564 transigere,
643 4490 749 4563 vigiliis
770 4495 870 4548 noctes
894 4507 927 4546 ac
948 4490 1066 4548 flatibus
1120 4505 1153 4547 ao
1169 4490 1297 4547 divinam
1314 4489 1545 4548 misericordiam
1569 4496 1693 4566 tangere
1712 4509 1747 4550 ae
1766 4493 1924 4548 commoveat

239 4577 356 4644 ducere,
373 4582 492 4651 tempus
506 4597 592 4637 omne
613 4579 786 4653 lacrymosis
809 4579 1068 4636 lamentationibus
1082 4565 1106 4630 D
1122 4579 1370 4636 occultabantur?
1385 4577 1570 4652 (Tertullian.
1585 4581 1728 4653 lyrolcpet.
1745 4577 1857 4653 capld,
1870 4585 1924 4645 pct-

240 4679 393 4739 oceupare,
431 4672 525 4725 strato
563 4668 625 4726 selu
662 4670 737 4724 041
774 4669 932 4736 adherere,
961 4669 1062 4736 cineri,
1118 4667 1193 4740 487.)

239 4751 335 4812 cilicio
376 4755 459 4828 (alias
488 4759 520 4815 iu
549 4760 641 4816 cinere
666 4768 693 4815 et
725 4759 840 4832 cilicio),
865 4766 894 4815 et
927 4758 1064 4815 sordibus
1154 4756 1266 4828 Negara
1277 4760 1375 4812 autem
1388 4772 1445 4811 non
1462 4773 1621 4829 possumus
1637 4759 1674 4816 ab
1690 4756 1814 4815 ethnicis
1827 4761 1925 4827 qnoque

239 4843 365 4900 volutari
382 4867 396 4896 u
417 4845 563 4920 (Cypriae.
579 4847 612 4904 de
635 4849 714 4921 laps.
732 4848 786 4904 suh
803 4847 876 4920 lln.).
893 4848 929 4903 At
943 4864 1000 4903 nou
1016 4864 1063 4903 so·
1118 4851 1182 4903 actu
1197 4845 1330 4918 quadam
1347 4843 1377 4899 in
1393 4843 1518 4917 puhlicis
1533 4845 1753 4904 calamitatibus
1770 4837 1923 4918 pantanis

240 4929 302 4987 lum
320 4934 590 5008 oriminlsalicujus
607 4953 680 5004 reos,
697 4935 747 4993 scd
771 4935 843 4992 alios
867 4952 982 5008 quoque
1006 4935 1062 4990 hu·
1117 4935 1194 4992 m
1217 4950 1315 5007 opera,
1341 4933 1449 5006 quibus
1479 4935 1548 4992 deos
1568 4953 1638 4992 suos
1666 4936 1794 5000 flectere,
1821 4937 1848 4990 et
1871 4927 1925 4983 illtl

235 5020 402 5093 juscemodi
420 5026 620 5096 paenitentiam
644 5028 740 5098 egisse
761 5029 841 5098 patet
860 5042 895 5081 ex
910 5042 968 5080 una
983 5024 1061 5082 Cels·
1117 5023 1213 5081 sedari
1240 5039 1326 5096 posse
1355 5021 1586 5080 arbitrabantur.
1606 5025 1683 5081 Tum
1699 5024 1778 5082 euim
1794 5015 1922 5093 aquilicia

238 5108 296 5165 riui
326 5111 403 5169 edita
433 5113 509 5170 iuter
530 5115 717 5187 cyprianicas
744 5113 1062 5186 epistola,qualapsas
1117 5111 1317 5186 nudipedalia,
1352 5111 1460 5183 populo
1497 5112 1723 5181 denuntiabant,
1760 5105 1924 5183 deponebant

238 5199 348 5256 sororis
359 5217 418 5257 sues
434 5203 544 5259 crimen
559 5203 602 5260 sic
617 5220 648 5260 ss
663 5203 767 5258 dellere
778 5203 952 5260 testillcatur
963 5219 970 5257 :
983 5225 996 5253 u
1010 5202 1062 5258 Pro
1117 5201 1310 5272 magistratus
1321 5202 1350 5256 et
1362 5197 1538 5270 dignitatum
1551 5217 1673 5258 suarum
1685 5195 1923 5274 insigniaallsqut

238 5288 324 5358 cujus
341 5290 425 5347 iactis
440 5308 493 5366 ego
504 5291 535 5348 ln
551 5291 650 5347 latitia
663 5291 782 5348 Pascha
793 5296 875 5359 deos,
887 5292 933 5347 die
949 5306 982 5346 ac
996 5306 1062 5347 uoc-
1116 5291 1252 5364 agebant,
1267 5287 1427 5360 dequibus
1447 5291 1586 5346 omnibus
1613 5291 1691 5346 intra
1714 5302 1834 5362 mamus
1855 5280 1921 5352 tlnlt·

236 5379 266 5432 le
281 5375 310 5432 iu
328 5379 422 5437 cilicio
437 5387 465 5436 et
485 5380 581 5437 cinere
605 5378 854 5451 lycrymahundus
882 5379 944 5435 dies
967 5380 1059 5452 exegi,
1115 5396 1179 5453 cap.
1203 5379 1250 5451 23,
1274 5382 1329 5434 art.
1355 5377 1392 5451 l).
1416 5378 1472 5434 Sed
1501 5378 1635 5436 testitum
1663 5379 1779 5448 lovem,
1806 5375 1922 5442 aliosque

236 5466 266 5522 et
282 5466 365 5540 exigo
381 5469 521 5540 usquein
537 5466 711 5523 hodiernum
737 5489 752 5519 u
782 5467 884 5540 (Idem,
901 5467 987 5540 epist.
1003 5469 1058 5540 21).
1116 5468 1164 5542 qui
1181 5468 1221 5524 dii
1236 5482 1294 5523 nan
1318 5469 1412 5532 erant,
1429 5482 1581 5538 perperam
1596 5466 1772 5524 invocabant
1794 5466 1822 5519 et
1836 5471 1921 5534 prect-

278 5559 379 5617 Cuteri
407 5558 508 5628 itaque
535 5555 704 5623 Christiani,
724 5557 780 5614 elsi
802 5555 913 5613 nullius
941 5557 1060 5615 sceleris
1113 5557 1232 5623 buntur,
1248 5569 1349 5610 verum
1372 5553 1479 5611 etenim
1507 5555 1599 5612 Deum
1623 5554 1725 5628 impiis
1749 5548 1922 5610 illisactibus

236 5649 358 5722 conscii,
374 5646 560 5722 publicorum
591 5639 689 5704 tamen
718 5645 922 5720 penitentium
945 5647 1059 5706 actibus
1114 5651 1143 5706 el
1167 5642 1429 5720 superstitionibus
1453 5643 1613 5717 licitantes,
1629 5643 1704 5702 nihil
1728 5639 1828 5718 procul
1844 5633 1921 5694 dubio

1187 3642 1291 3694 Florem
1305 3645 1430 3708 quisnam
1443 3645 1557 3696 liberum
1571 3646 1671 3698 invidit
1684 3649 1793 3698 manmt
