4068 6186
112 375 168 436 tls
722 377 775 438 All
797 375 1005 440 NATIONES.
1023 407 1062 424 -
1078 376 1151 438 titt.
1173 378 1199 440 I.
1753 375 1815 438 usu

112 507 187 564 tione
202 506 349 582 detigitnr.
364 508 422 564 844
438 506 522 566 nobis
532 511 594 566 tota
604 524 675 566 orna
685 508 850 581 imputatur
865 521 933 564 oum
951 510 1046 578 Anus
1061 509 1208 576 censetur,
1225 510 1305 565 tanto
1319 507 1399 580 origo
1413 505 1586 564 convenitur
1600 506 1630 562 in
1651 519 1767 580 genere.
1782 505 1814 563 Si

113 601 251 653 antemna
265 595 391 654 scillicet
405 613 459 654 sua
473 613 541 654 oum
558 597 608 655 illo
623 597 726 655 sedilis
741 613 860 654 excessu
878 596 936 672 (46)
989 595 1080 669 igitur
1093 595 1123 652 in
1142 611 1248 670 genere
1264 596 1385 654 deorum
1407 611 1528 653 crucum
1548 594 1691 668 originem
1708 593 1814 665 colitis,

112 687 165 742 lloc
180 685 301 758 qnidam
315 702 368 744 vus
392 686 629 758 incusabiliores,
657 686 709 760 qni
740 685 880 743 mutilum
906 690 936 742 et
991 681 1037 738 hio
1050 682 1240 740 eritnnoleus
1255 688 1284 740 et
1298 699 1422 757 gramm
1439 681 1638 756 primordiale.
1655 683 1814 756 exquibus

110 781 246 831 truncum
260 774 383 831 dicastis
398 772 510 848 lignum
525 776 603 847 quud
619 775 668 832 atii
683 773 842 848 plenumst
856 778 935 832 stru·
990 772 1068 843 apud
1090 788 1142 827 vos
1167 772 1394 829 simulacrorum
1424 771 1502 828 nilum
1531 775 1741 844 propagantur.
1770 771 1814 828 Ad

109 869 186 920 etum
198 853 454 921 consecraverunt.
470 865 623 922 Enimvero
637 864 675 921 44
693 864 807 937 reliquo
822 865 936 937 integra
990 861 1148 917 manifesta
1158 862 1221 933 jam
1237 862 1259 898 ¹⁰
1275 877 1281 918 :
1298 860 1442 918 Victorias
1457 865 1490 917 ut
1502 860 1637 929 numina,
1653 863 1682 916 et
1693 861 1813 934 quidem

108 957 149 1008 est
163 951 268 1025 religio
283 953 365 1009 robis
381 954 502 1026 integre
527 952 632 1020 crucis,
663 955 739 1010 siout
767 954 934 1010 ostendam.
990 950 1162 1022 augustiora
1189 954 1300 1024 quanto
1330 950 1451 1022 latiora,
1479 949 1670 1007 veneramini.
1706 954 1812 1007 Gom...

108 1040 251 1112 ignoratis
267 1046 366 1098 autem
384 1041 473 1098 etiam
488 1042 632 1116 originem
648 1043 736 1099 istam
752 1042 815 1098 deis
830 1041 936 1099 vestris
990 1038 1150 1111 oue³⁰quid
1162 1039 1267 1096 melius
1278 1039 1419 1096 extollant
1431 1038 1508 1097 ssu
1519 1055 1620 1096 cruces
1630 1039 1814 1096 ernmtinte·

107 1131 140 1186 de
152 1129 351 1203 istopatibnlo
364 1130 626 1204 prouenisseNcm
637 1147 723 1189 omne
742 1131 935 1188 simulacrum
991 1127 1069 1184 stine
1085 1128 1303 1200 quodammodo
1318 1133 1505 1200 tropaeorum.
1520 1128 1622 1200 ltaque
1632 1127 1662 1184 in
1677 1127 1815 1184 Victoriis

107 1237 155 1275 seu
167 1219 251 1292 ligno
266 1235 318 1277 ssu
335 1219 434 1292 lapide
453 1221 648 1293 irrumpitur,
663 1237 714 1278 seu
731 1237 787 1277 aare
800 1219 936 1278 defundi·
990 1223 1020 1272 et
1034 1233 1134 1274 eruces
1149 1218 1217 1274 colit
1231 1217 1390 1274 castrensis
1406 1215 1519 1290 religio,
1535 1217 1620 1289 rigna
1635 1217 1748 1286 adorat,
1773 1217 1814 1274 si·

108 1314 163 1376 tur,
179 1324 234 1365 seu
247 1324 424 1382 quacunque
438 1307 496 1366 alia
509 1309 701 1383 locupletiore
722 1310 843 1366 materia
869 1325 936 1382 pro·
990 1321 1048 1378 gna
1063 1306 1184 1377 dejerat,
1201 1306 1286 1380 signa
1298 1305 1355 1380 ipsi
1369 1306 1385 1362 J
1389 1305 1434 1362 ovi
1450 1305 1574 1377 praeiert.
1587 1305 1643 1362 sed
1665 1305 1714 1363 ille
1740 1305 1814 1364 imn-

107 1397 237 1468 duuitnr,
254 1396 383 1468 plastica
399 1414 504 1454 manus
533 1399 700 1470 precedant
726 1412 846 1454 necesse
872 1401 934 1453 est!
991 1395 1093 1468 girum
1109 1400 1268 1468 suggestus
1284 1400 1314 1451 44
1327 1393 1494 1452 totiusauri
1510 1394 1606 1451 cultus
1623 1395 1742 1452 monilia
1753 1412 1816 1452 oru-

105 1484 312 1556 plantaautem
331 1484 603 1561 lignumorucisin
624 1487 935 1559 primostatuit‚quo·
991 1500 1058 1540 cum
1075 1485 1213 1542 suntffio
1233 1484 1368 1542 etiamin
1398 1484 1547 1540 cantabris
1576 1487 1666 1556 atque
1691 1483 1816 1554 uexillis,

107 1573 185 1629 niam
200 1573 260 1646 ipsi
276 1589 394 1646 quoqne
408 1574 523 1647 corpori
540 1579 640 1632 nostro
655 1576 744 1631 tacita
771 1581 800 1630 44
825 1579 938 1631 secreta
991 1589 1055 1646 quae
1067 1589 1123 1628 non
1134 1573 1247 1629 minore
1260 1573 1417 1630 sanctitate
1428 1572 1534 1629 militia
1544 1573 1683 1642 custodit,
1699 1573 1818 1647 siphara

106 1661 185 1719 linea
200 1663 298 1719 erucis
318 1663 396 1720 situs
410 1667 467 1720 444.
482 1663 565 1730 Quod
595 1669 683 1737 eaput
711 1663 828 1732 emieat,
858 1665 936 1736 quod
996 1661 1295 1718 illavestsscruonm
1313 1665 1394 1719 sunt.
1414 1661 1608 1730 Erubescitis,
1633 1662 1748 1736 opinor,
1771 1663 1818 1720 in·

107 1751 193 1824 spina
210 1751 358 1824 dirigitur,
373 1752 450 1823 quod
466 1750 657 1808 humerorum
677 1751 875 1825 obliquatio...
906 1751 937 1808 Si
991 1750 1085 1806 cultas
1099 1755 1128 1806 et
1142 1751 1237 1808 nudae
1251 1765 1336 1808 crues
1352 1750 1459 1808 colere.

108 1840 249 1896 statueris
265 1841 415 1897 bominem
435 1842 572 1898 manibus
601 1841 751 1914 expansis,
776 1841 976 1950 imaginemB
1028 1841 1072 1896 13.
1082 1839 1138 1896 Alii
1151 1839 1236 1913 plane
1247 1839 1408 1897 humanius
1418 1839 1817 1900 solemGhristianumdeum

108 1929 204 1985 crucis
218 1928 333 1986 seceris.
352 1929 422 1986 tlnic
437 1929 529 2002 igitur
543 1929 672 1997 exordio,
694 1933 724 1985 et
736 1929 817 1985 uelut
843 1935 937 1986 statu·
989 1929 1148 1997 estimant,
1166 1929 1245 2002 quod
1260 1927 1424 1988 innotuerit
1438 1931 1474 1987 44
1489 1929 1609 1988 orientis
1633 1935 1746 2006 partem
1771 1931 1817 1988 ta·

109 2017 180 2074 mini
204 2017 312 2091 argilla
339 2020 467 2091 desuper
494 2019 605 2076 intexta
634 2016 774 2093 paulatim
805 2021 938 2076 membra
990 2018 1337 2092 coranusprecationem
1355 2018 1414 2089 (47)
1439 2018 1485 2076 rel
1512 2019 1559 2075 die
1588 2016 1660 2077 solis
1683 2018 1816 2076 letitiam

109 2106 249 2180 complet,
265 2113 294 2164 et
308 2123 413 2180 eorpus
429 2108 528 2178 struit,
549 2115 578 2165 et
602 2108 746 2176 habitum,
761 2124 848 2180 quem
874 2107 936 2180 pla·
990 2123 1105 2164 curare.
1121 2108 1194 2176 Quid
1209 2124 1262 2164 vos
1277 2108 1377 2164 miuus
1392 2108 1488 2166 tacitis
1501 2107 1588 2165 iNen
1603 2107 1735 2181 plerique
1747 2109 1817 2166 atie·

108 2199 167 2254 cuit
180 2196 306 2269 argilla,
322 2197 404 2254 intus
419 2197 498 2254 cruci
514 2197 623 2271 ingerit
639 2223 647 2267 t
675 2199 744 2254 inde
772 2199 881 2255 airoino
909 2203 939 2254 et
991 2197 1119 2252 statione
1133 2197 1274 2253 adorandi
1289 2196 1448 2269 aliquando
1464 2197 1554 2253 etiam
1570 2195 1699 2254 colestia
1718 2197 1755 2256 44
1769 2205 1818 2255 sb-

111 2285 244 2358 plnmbis
258 2285 387 2343 modulis
402 2286 575 2360 preparatio
591 2286 783 2344 simulacriiu
798 2303 936 2360 marmor,
991 2285 1028 2342 lis
1044 2285 1162 2342 initium
1187 2284 1272 2343 labra
1294 2284 1444 2342 vibratis?
1469 2284 1528 2342 Vos
1555 2289 1632 2344 certe
1655 2286 1736 2354 estis,
1767 2289 1818 2361 qui

109 2376 137 2432 in
153 2377 265 2441 tutum,
282 2374 326 2431 vel
350 2391 400 2444 44,
417 2375 461 2430 444
485 2376 685 2449 quodcunque
712 2375 824 2449 placuit
849 2377 936 2433 deum
991 2374 1079 2432 etiam
1096 2375 1125 2430 in
1140 2374 1314 2431 laterculum
1328 2377 1439 2447 septem
1456 2375 1569 2430 dierum
1591 2373 1684 2432 selem
1707 2376 1817 2449 recept-

109 2463 482 2536 fleri,transmlgratur.a
511 2479 597 2521 cruca
626 2464 740 2538 argilla,
770 2466 807 2522 ab
834 2465 939 2539 argilla
991 2463 1376 2536 stir,etcxdiebusipsum
1394 2461 1579 2536 protegistis,
1596 2479 1654 2536 quo
1676 2463 1816 2522 dietave-

108 2552 437 2624 dene2quodammod0
452 2553 560 2610 transit
574 2571 645 2610 crux
659 2555 783 2611 indeum
812 2571 864 2628 per
891 2572 937 2611 ar·
992 2567 1073 2608 crum
1091 2549 1284 2618 subtrahatis,
1300 2552 1391 2606 autin
1407 2566 1559 2622 vesperam
1585 2551 1738 2623 differatis,
1767 2557 1819 2611 aut

107 2643 221 2714 gillam.
238 2641 360 2699 Crucem
377 2641 689 2716 igiturconsscratisa
717 2659 774 2717 qua
797 2645 939 2718 incipitur
992 2640 1085 2697 otium
1100 2645 1129 2696 et
1143 2639 1301 2712 prandium
1318 2639 1437 2696 curetis.
1463 2639 1545 2704 Quod
1575 2640 1696 2713 quidem
1721 2642 1818 2701 tacitis

108 2735 310 2790 consecratus.
325 2730 457 2805 Exempli
472 2730 568 2805 gratia
595 2732 709 2790 dictum
738 2733 804 2804 erit,
833 2751 938 2806 nempe
992 2729 1190 2786 exorbitantes
1206 2732 1235 2786 et
1248 2727 1307 2802 ipsi
1323 2744 1340 2784 a
1354 2728 1460 2785 vestris
1476 2730 1513 2786 ed
1527 2728 1815 2805 alienasreligiones.

106 2821 142 2877 de
155 2819 240 2878 olivo
255 2820 360 2877 nucleo
370 2825 399 2876 et
409 2837 485 2877 nuce
496 2819 601 2894 persici
616 2826 645 2878 et
655 2836 746 2894 grano
763 2823 872 2895 piperis
882 2824 937 2882 sub
990 2817 1085 2875 iudai
1097 2818 1175 2875 enim
1190 2817 1268 2890 festi,
1283 2817 1412 2875 Sabbata
1426 2822 1454 2875 et
1469 2835 1551 2878 ooena
1565 2835 1650 2893 pura,
1666 2823 1816 2895 etjndaioi

106 2913 186 2964 terra
207 2911 373 2981 temperato
390 2908 478 2966 arbor
492 2907 624 2981 exsurgit
637 2908 668 2964 in
696 2925 805 2980 ramos,
834 2911 864 2967 in
891 2927 938 2968 co·
992 2909 1068 2965 ritus
1083 2907 1271 2964 lucernarum
1286 2911 1314 2963 at
1328 2906 1443 2979 jejunia
1456 2923 1523 2964 oum
1539 2909 1649 2984 azymis
1664 2916 1694 2970 et
1708 2911 1817 2970 oratio·

107 2998 243 3065 mam,in
264 2997 393 3069 speciem
408 2997 455 3054 sui
469 2998 596 3070 generis.
612 3001 682 3054 Eam
712 2999 737 3054 si
765 3000 936 3068 transieras,
993 3015 1044 3054 nes
1059 2995 1212 3066 litterales,
1228 3013 1292 3069 qum
1321 2996 1424 3068 utique
1447 2994 1629 3056 alienarunt
1657 3016 1674 3056 a
1699 3001 1758 3059 diis
1772 3018 1819 3059 ue·

108 3085 155 3143 vel
167 3086 203 3143 44
215 3085 342 3144 brachiis
358 3087 423 3159 ejus
438 3085 467 3143 in
483 3086 571 3143 aliam
596 3087 729 3144 subolem
758 3088 862 3160 utaris,
892 3089 938 3146 cui
992 3086 1072 3142 stris.
1090 3083 1423 3153 onerantabexooeeu
1440 3088 1579 3152 revertar,
1597 3085 1647 3159 qui
1668 3086 1761 3145 solem
1789 3093 1818 3145 et

108 3175 303 3248 deputabitur
330 3176 409 3248 quod
426 3176 461 3232 44
488 3175 608 3233 traduce
637 3175 871 3250 provenitinon
894 3178 937 3235 illi
996 3175 1072 3232 diem
1084 3173 1245 3246 ejusnobis
1256 3173 1449 3247 exprobratis,
1465 3175 1614 3246 agnoscite
1638 3175 1818 3234 vicinitatem

107 3279 202 3336 grano
219 3270 270 3320 aut
291 3263 360 3330 naci
376 3269 428 3320 aut
442 3263 569 3321 nucleo?
584 3263 657 3322 Nam
675 3281 742 3320 eum
757 3267 862 3324 tertius
873 3281 938 3340 gra·
954 3241 976 3312 G
996 3281 1054 3320 non
1070 3263 1156 3336 longe
1171 3278 1188 3318 a
1202 3262 1329 3318 Saturno
1344 3265 1372 3317 et
1388 3261 1519 3318 sabbatis
1534 3263 1640 3320 restris
1655 3280 1767 3322 sumus.

107 3353 163 3410 dus
188 3354 321 3409 seeundo
348 3352 518 3422 ascribitur,
540 3367 620 3424 aque
649 3353 745 3425 primo
777 3355 937 3424 secundus,
1030 3351 1537 3423 tt.Novujamdelieonostroiema
1555 3353 1712 3426 suggessit,
1733 3355 1812 3412 Adeo

106 3442 148 3498 sio
161 3440 271 3497 tertius
284 3440 427 3512 redigitur
442 3441 478 3496 ad
508 3439 638 3513 primum
667 3442 862 3500 transmissus
887 3461 939 3517 per
992 3459 1086 3515 nuper
1100 3439 1219 3513 quidam
1234 3438 1454 3512 perditissimus
1469 3440 1499 3498 in
1513 3440 1570 3498 ieta
1584 3442 1713 3516 civitate,
1728 3444 1817 3501 etiam

105 3528 284 3585 seeundum.
300 3527 358 3585 Nec
370 3527 482 3585 diutius
492 3543 582 3602 super
595 3529 654 3586 isto
669 3533 936 3603 argumentandum
992 3548 1051 3588 sue
1067 3529 1218 3602 religionis
1237 3529 1379 3597 desertor,
1395 3529 1458 3587 solo
1474 3529 1651 3589 detrimento
1666 3532 1742 3590 cutia
1762 3532 1817 3590 Ju-

104 3623 157 3686 ast,
174 3617 297 3690 quando
313 3616 443 3674 naturali
456 3616 677 3689 prescriptione
699 3634 786 3676 omne
815 3621 936 3679 omnino
991 3621 1082 3688 daus,
1100 3618 1202 3690 utique
1217 3617 1312 3691 magis
1340 3621 1408 3691 post
1435 3618 1596 3678 bestiarum
1621 3636 1750 3691 morsus,
1778 3622 1817 3679 nd

102 3721 333 3779 genusoeasum
348 3707 384 3764 ad
407 3705 549 3779 originem
574 3707 673 3776 refert,
698 3712 866 3784 quantoque
891 3727 936 3783 ge·
991 3723 1106 3782 quaese
1117 3706 1240 3765 locando
1255 3707 1313 3780 (48)
1328 3705 1460 3781 quotidie
1475 3709 1616 3782 totojam
1631 3727 1751 3786 corpore
1765 3711 1816 3770 dc·

821 3881 923 3962 Varia
937 3899 1100 3963 lectiones.

105 4036 129 4072 ¹⁹
144 4035 253 4110 ittpatt.
269 4035 308 4094 rtt
321 4051 389 4093 man
407 4060 415 4107 ;
431 4035 530 4095 ierim
545 4035 611 4094 ilar.
628 4037 663 4094 sd
680 4053 760 4096 man.
777 4038 799 4075 ³⁰
812 4041 882 4097 Hor.
898 4038 1126 4113 contignatione.

835 4217 1098 4279 Commentarius.

108 4357 322 4427 adhibebatur,
338 4357 517 4432 signumque
530 4357 611 4416 illius
626 4362 751 4415 anteros
767 4374 869 4415 omnes
881 4359 940 4414 im·
994 4357 1066 4414 deos
1095 4352 1213 4422 dicitur,
1242 4353 1397 4411 Unioornis
1419 4354 1449 4410 in
1480 4356 1577 4414 medio
1602 4355 1720 4430 stipata.
1753 4361 1817 4416 4444.

107 4431 307 4501 primebatnr,
323 4435 390 4502 ipse
417 4429 529 4497 Tertut,
545 4431 577 4488 de
605 4431 711 4488 Cercar
734 4433 791 4488 litt.
817 4431 941 4504 cyrillus
1031 4428 1085 4500 (47)
1110 4427 1155 4482 Ad
1169 4428 1282 4484 omentis
1295 4430 1403 4499 pcrtrrr
1428 4429 1522 4499 facere
1548 4444 1597 4486 nos
1618 4431 1817 4502 precationem.

106 4503 219 4558 entecb.
240 4517 293 4556 nv:
319 4503 395 4554 florei
418 4497 447 4556 dt
472 4504 552 4556 τοῦτο
574 4500 605 4556 τὸ
628 4507 752 4574 σημιῖον,
778 4499 873 4564 tratur
895 4499 941 4556 aut
994 4499 1188 4555 Verissimum
1204 4499 1462 4570 certissimumque
1473 4503 1518 4556 est
1532 4500 1713 4560 Christianos
1723 4504 1817 4560 orien-

106 4573 222 4640 πίνων,
254 4571 435 4644 καθήμενος,
463 4571 683 4646 κοιταζόμενος,
710 4570 832 4644 &torreat
857 4592 940 4642 ενος,
996 4577 1560 4646 temrereusprecesseranuocopare
1582 4567 1707 4644 solitos3
1738 4575 1819 4632 illius

107 4643 220 4716 λαλῶν)
249 4647 418 4717 περιπατῶν,
448 4643 615 4716 ἁπαξαπλῶς
642 4643 668 4698 ἐν
696 4646 940 4720 corrippo-spart·
996 4647 1093 4699 alitem
1109 4641 1332 4698 consuetudinis
1354 4641 1415 4698 haeu
1429 4648 1492 4699 erut
1515 4645 1599 4701 ratio.
1616 4644 1750 4703 Christus
1763 4648 1820 4705 Do·

143 4741 157 4769 a
173 4717 235 4772 Fae
246 4715 319 4771 illud
333 4717 464 4788 siguum,
479 4719 636 4774 comedens
651 4723 680 4774 et
695 4717 807 4784 bibens,
824 4720 940 4773 sedens.
997 4715 1096 4770 nrinus
1110 4715 1140 4768 in
1157 4729 1241 4768 eruce
1256 4715 1435 4771 constitutus
1447 4715 1482 4771 ad
1498 4731 1635 4774 oocnsum
1649 4719 1822 4792 respiciebat

108 4791 272 4854 recubans,
285 4793 413 4854 erectus,
433 4787 567 4858 loquens,
592 4789 759 4855 ambulans,
785 4805 840 4846 uno
855 4788 943 4844 verbo
960 4805 982 4870 D
998 4787 1067 4842 inde
1081 4784 1239 4841 Christiani
1254 4789 1393 4856 tanquam
1407 4786 1508 4843 deliris
1525 4789 1554 4843 in
1571 4788 1717 4848 Christum
1728 4792 1822 4850 oculis

109 4859 136 4914 in
155 4858 436 4916 omnicreantem·
460 4859 587 4916 Basilius
617 4860 724 4930 Magi.
754 4861 786 4916 dc
811 4862 838 4915 S.
869 4859 941 4932 Sptr.
999 4873 1103 4915 versus
1118 4855 1260 4913 orientem
1276 4872 1307 4912 ss
1324 4858 1524 4916 obvertebant.
1558 4861 1586 4915 S.
1617 4861 1821 4938 Hieronymus,

108 4933 201 4996 ozi,
219 4930 295 4986 illud
324 4931 441 5002 reponit
463 4933 541 4987 inter
568 4932 742 4988 traditiones
769 4932 946 5004 apostolicae
1002 4931 1114 5001 adcap.
1135 4928 1323 5001 vrprophetae
1350 4931 1466 4986 Amos:
1493 4952 1507 4982 «
1537 4932 1567 4988 ln
1584 4935 1731 5004 mysteriis
1759 4936 1821 5010 pri·

108 5019 169 5057 non
186 5003 330 5072 scriptas.
348 5002 385 5056 La
401 5003 449 5056 Pa.
685 5021 688 5028 ·
997 5001 1289 5057 numrenuutiamus
1313 4999 1350 5067 ei,
1380 5001 1483 5074 quiin
1512 5003 1662 5062 occidente
1689 5012 1735 5066 eet
1769 5025 1824 5066 nos

142 5075 208 5157 (46)
226 5072 295 5128 Cum
309 5073 359 5129 itte
373 5072 470 5129 reditis
484 5087 606 5128 excessu.
622 5072 716 5130 Sedile
740 5074 835 5130 crucis
858 5070 944 5145 palos
998 5072 1102 5144 bisque
1117 5074 1243 5128 moritur
1257 5087 1324 5128 cnm
1338 5073 1477 5144 peccatis,
1494 5079 1522 5132 et
1532 5077 1575 5132 sie
1589 5078 1665 5135 rarsi
1675 5082 1712 5137 ed
1726 5081 1823 5137 orien-

107 5144 166 5200 44444
192 5146 322 5216 breuior,
349 5144 447 5200 medio
475 5145 569 5215 stipiti
594 5145 751 5216 impactus.
784 5145 943 5200 Excessum
998 5150 1057 5200 tem
1075 5149 1192 5216 pactum
1206 5143 1315 5200 inimus
1331 5159 1398 5200 cum
1415 5144 1480 5202 Sole
1494 5147 1629 5219 justitiae,
1657 5155 1687 5206 et
1715 5150 1742 5208 ei
1770 5169 1825 5209 nos

106 5233 179 5272 vero
197 5217 304 5274 sedilis
320 5215 402 5284 dicit,
418 5215 488 5288 qnia
504 5215 589 5288 palus
604 5215 658 5272 istc
674 5219 702 5273 in
719 5233 777 5289 quo
802 5216 944 5273 sedebant
999 5216 1159 5273 servituros
1174 5232 1239 5273 esse
1253 5216 1465 5288 promittimus.
1483 5239 1497 5267 o
1515 5218 1628 5278 Proferri
1644 5227 1673 5278 et
1685 5223 1823 5298 gentiles,

107 5288 266 5352 cruciarii,
286 5287 436 5345 eminebat
450 5287 480 5344 in
497 5287 594 5344 medio
609 5287 709 5361 stipite
720 5289 755 5344 ad
786 5303 873 5345 usum
899 5304 944 5346 44-
1000 5287 1051 5363 qui
1065 5287 1197 5344 raritatis
1212 5287 1332 5344 omnino
1348 5293 1432 5346 erunt
1443 5295 1587 5364 expertes,
1597 5293 1827 5354 obvertebantur

106 5360 207 5417 ditis:
233 5357 279 5414 'lla
306 5361 347 5429 τῷ
375 5359 451 5432 μέσῳ
479 5357 650 5434 πηγνύμενον
679 5356 758 5430 ξύλον
788 5358 826 5421 ὡς
854 5357 944 5433 κέρας,
1000 5361 1169 5433 qnoquead
1186 5359 1340 5430 orientem,
1358 5362 1408 5416 sed
1438 5361 1590 5434 orientem,
1615 5366 1708 5426 solem
1737 5369 1825 5426 deum

105 5431 152 5484 καὶ
180 5429 252 5484 αὑτὸ
282 5425 386 5558 disper,
417 5427 457 5505 ἐφ’
482 5430 505 5502 ᾧ
532 5428 697 5506 ἐποχοῦνται
726 5431 752 5486 ot
777 5449 946 5506 ornupoupa·
1001 5447 1089 5490 suum
1107 5432 1359 5488 lolaooredentes.
1376 5433 1480 5490 LsPn.

105 5523 164 5566 νοι,
193 5501 299 5571 inquit
341 5501 470 5572 ustinus,
496 5503 609 5575 0444444
633 5501 736 5560 odorra.
777 5503 828 5575 Try
848 5505 946 5561 ionem
1034 5503 1090 5574 (ts)
1109 5503 1262 5574 Utiquemo
1281 5505 1542 5576 teportieattrrrum
1558 5523 1666 5566 mersae
1702 5509 1736 5566 od
1757 5525 1826 5582 quoa

106 5575 265 5636 Judaeum,
288 5577 419 5630 lrsnaus
442 5573 494 5630 lib.
518 5591 548 5642 11,
577 5589 640 5648 cap.
672 5577 716 5630 42.
742 5575 806 5646 lpse
828 5521 947 5632 debitus
1000 5573 1165 5656 colocando.
1184 5521 1595 5649 tpeofibroodnrorryroszr
1621 5551 1697 5648 Quot
1716 5582 1826 5637 otiosos

108 5645 216 5703 crucis
232 5645 306 5702 tinec
321 5650 350 5700 ct
365 5649 554 5702 summitates
568 5646 656 5703 hebet
676 5647 946 5719 quinque,dnosiu
1003 5645 1364 5703 atisctrtroarmorumod
1386 5647 1517 5720 gladium
1547 5649 1651 5708 locati
1679 5652 1760 5707 Certe
1789 5651 1826 5706 sd

108 5717 319 5792 longitudine,
331 5723 360 5774 et
376 5733 467 5774 unum
482 5718 513 5774 in
529 5719 624 5776 medio
640 5719 689 5773 ubi
715 5735 745 5774 re
768 5721 881 5792 olescit,
898 5717 948 5789 qui
1003 5719 1079 5774 ieras
1095 5717 1175 5790 ipsas
1191 5719 1575 5788 affectationeaesoenuunr,
1592 5727 1619 5778 et
1629 5724 1664 5780 de
1679 5719 1827 5778 morsibus

110 5790 211 5849 oleris
229 5788 370 5862 alligitur.
393 5788 481 5848 Palus
495 5790 552 5849 ista
563 5791 720 5848 medianus
734 5735 786 5848 rii.
803 5791 868 5850 ortu.
897 5795 948 5851 lo·
1004 5794 1034 5849 44
1048 5791 1083 5848 44
1099 5789 1287 5850 cicatricibus
1298 5791 1489 5850 formosiores
1503 5792 1558 5850 sibi
1583 5791 1828 5854 perornantur.

266 5917 400 5985 444444.
422 5915 449 5984 t.
1648 5923 1686 5989 44
