4102 6178
236 345 313 429 roei
494 361 757 427 ruerunnraar
779 360 943 427 nenena
962 363 1064 426 raas
1083 361 1317 428 r.-snn1ns
1338 364 1362 440 1,
1385 365 1665 430 asononnnnr.
1839 367 1907 430 ross

270 498 324 556 Dio
339 497 439 571 itaque
462 496 579 570 optima
608 495 686 570 leges
701 511 758 552 non
786 495 953 570 viguerunt.
981 499 1056 555 Nam
1072 499 1099 567 Α
1113 495 1344 569 nuiatosjussit,
1372 510 1431 552 non
1459 497 1572 566 togatos
1600 497 1636 574 sd
1664 513 1770 555 munus
1794 497 1907 556 venire·

235 586 437 645 Tertullianus
451 585 584 643 ethnicos
598 585 640 642 ita
664 584 825 640 insectatus
851 589 896 642 est
911 602 918 642 ε
935 607 950 637 a
965 585 1056 642 Video
1111 585 1271 660 (lamprid.
1287 586 1317 644 in
1332 585 1428 658 alusd.
1448 586 1518 652 l'itc,
1535 600 1602 660 pag.
1617 585 1692 656 315.)

234 682 263 733 et
278 677 394 732 theatra
409 691 462 733 nec
477 673 662 748 singula,nec
677 674 758 729 nuda
773 693 788 724 u
803 672 938 746 (Tertull.
954 674 1057 746 Apctc·
1147 673 1347 732 Tertullianus
1371 674 1472 747 itaque
1495 677 1643 732 Romanos
1658 677 1761 732 merito
1774 675 1908 750 coarguit;

233 770 290 841 pet.
307 765 401 837 cape,
412 781 440 836 p.
456 763 518 836 301)
536 779 543 819 :
559 779 618 818 nou
634 761 753 836 singula
767 761 967 834 quidem‚qnia
978 763 1056 835 prio·
1112 763 1219 837 quippe
1235 762 1284 836 qui
1295 766 1395 819 eontra
1409 760 1565 835 antiquum
1577 779 1687 820 morem
1700 763 1802 836 penula
1811 767 1911 822 ateran

233 856 315 913 ribus
326 852 534 926 everaie,longe
545 851 629 925 plura
640 852 1057 924 ubiqueterrarumexstruxe·
1109 855 1169 924 tur,
1185 867 1253 908 cum
1268 848 1395 925 publicis
1410 851 1489 910 ludis
1504 857 1534 910 at
1559 852 1745 926 spectaculis,
1764 853 1907 926 prasertim

233 941 493 1006 rant.tddidit,nee
506 940 604 1004 sads:
620 939 759 1013 quoniam
771 938 904 997 solebant
914 939 985 995 illuc
997 955 1054 995 non
1110 938 1218 1013 bieme,
1233 941 1364 998 aderant.
1378 941 1460 997 Tunc
1476 941 1567 1013 enim,
1581 941 1650 1014 quia
1663 941 1774 998 theatra
1786 942 1910 999 sanabant

232 1027 1055 1102 vestecommuni‚eedpenulainduticonlluare.Nsenim
1109 1029 1207 1096 tectis,
1237 1028 1375 1102 penulam
1410 1045 1576 1104 sumpsere,
1604 1046 1642 1087 ne
1673 1030 1763 1101 friges
1792 1029 1909 1103 pluviave

231 1121 273 1178 usi
285 1120 383 1185 imma,
400 1119 508 1190 inquit,
523 1118 649 1190 uoluptas
663 1116 807 1189 impudica
821 1117 953 1190 seipsam,
968 1116 1056 1188 primi
1110 1121 1238 1186 noceret,
1260 1133 1294 1174 aa
1320 1119 1418 1191 turpia
1442 1119 1483 1175 ibi
1508 1123 1574 1176 acta
1593 1117 1657 1176 elne
1680 1117 1740 1174 ullu
1762 1123 1911 1190 spectarent

196 1228 198 1238 ·
231 1209 433 1267 Lacedaemonii
447 1205 542 1264 odium
555 1204 667 1280 penula
686 1205 758 1262 ludia
772 1206 1003 1277 excapitaverunt.
1020 1205 1054 1260 ln
1110 1205 1305 1264 incommodo.
1322 1210 1428 1264 contra
1441 1207 1583 1281 pristinos
1601 1208 1702 1280 itaque
1723 1221 1816 1265 moras
1836 1208 1909 1263 scic·

233 1297 487 1355 omnibosautem
503 1293 726 1366 manuscriptis,
756 1296 866 1350 etanta
894 1292 1054 1367 Rigaltium
1109 1294 1199 1368 ptatis
1213 1311 1303 1353 causa
1325 1300 1516 1370 sumpserant
1529 1296 1680 1370 penulam,
1704 1311 1792 1368 quam
1817 1294 1910 1352 milites

231 1386 347 1444 excusis
359 1381 1056 1455 codicibus,nocodiumpeuulae,sedsimpliciter
1108 1383 1145 1440 ob
1161 1383 1255 1441 sclam
1270 1385 1473 1441 necessitatem
1490 1385 1661 1442 induebant.
1678 1384 1752 1442 liam
1776 1384 1810 1440 de
1831 1382 1910 1438 milite

229 1475 362 1550 penulam
377 1473 546 1546 legimue.ln
561 1471 769 1529 obscurisrero
780 1487 814 1528 ac
825 1470 899 1528 forte
909 1469 1054 1543 corruptis
1108 1472 1159 1544 qui
1173 1471 1368 1530 Christianam
1382 1472 1552 1548 religionem
1566 1488 1664 1531 coram
1678 1473 1795 1529 tribuno
1808 1472 1909 1544 prolite-

231 1563 312 1620 hisce
330 1561 426 1621 verbis
454 1559 637 1633 explicandis
660 1576 746 1616 suum
770 1558 878 1615 eruditi
900 1559 1053 1631 ingenium
1107 1561 1203 1628 batur,
1230 1561 1420 1632 pravissimas,
1458 1561 1556 1635 lnquit
1580 1560 1790 1626 Tertullianus,
1812 1560 1910 1633 penutm

231 1671 289 1712 non
305 1667 409 1726 parum
424 1665 494 1707 sane
510 1647 860 1706 exercueruntlleraldus
875 1647 953 1704 enim
968 1651 1053 1720 putat
1104 1652 1199 1723 posuit
1232 1649 1371 1722 (Tertull.
1404 1650 1438 1708 dc
1469 1650 1581 1717 dorca,
1611 1665 1687 1722 cap.
1722 1651 1766 1722 1).
1799 1652 1835 1704 De
1865 1647 1910 1702 bac

107 1721 111 1732 Ι
230 1742 268 1800 iie
291 1741 413 1799 forsitan
439 1737 597 1811 significari
626 1736 776 1812 penulam,
801 1752 889 1809 quam
917 1736 1052 1794 arcendis
1107 1754 1193 1812 porro
1217 1741 1297 1796 veste
1318 1737 1428 1795 videsis
1456 1738 1610 1796 Octavium
1637 1737 1810 1804 Ferrarium,
1836 1739 1910 1808 atque

230 1830 337 1905 pluviis
353 1825 638 1885 Lacedaemoniorum
654 1824 794 1898 belligera
817 1840 889 1898 gens
904 1825 1050 1898 excogite-
1066 1867 1091 1934 B
1106 1825 1277 1884 Bartholum
1294 1825 1508 1897 Bartbcliuum,
1523 1825 1572 1902 qni
1588 1825 1752 1899 peculiares
1766 1826 1801 1881 de
1815 1823 1909 1881 iliadis

124 1918 128 1926 ’
229 1920 319 1988 verat,
336 1915 558 1975 altomanisad
582 1913 668 1970 ludos
692 1913 853 1986 patientius
877 1915 1052 1986 spectandos
1106 1914 1289 1986 quisitiones,
1319 1919 1348 1973 et
1369 1913 1444 1974 alios
1470 1915 1521 1987 qui
1548 1915 1584 1973 de
1613 1931 1645 1971 re
1672 1911 1808 1972 vestiaria
1833 1911 1910 1970 libros

230 2007 322 2066 luisse
335 2004 508 2064 adhibitam.
530 2003 638 2059 Verum
662 2001 861 2058 Tertullianus
885 2001 968 2059 illam
994 2019 1052 2060 non
1106 2003 1273 2060 ediderunt.

229 2095 368 2154 modoad
384 2108 472 2148 usum
487 2090 722 2158 militarem,sed
739 2090 775 2146 ad
791 2090 878 2148 ludos
901 2091 987 2148 etism
1016 2091 1052 2148 ab
1110 2129 1113 2138 ,
1142 2091 1213 2156 Quis
1236 2091 1327 2165 igitur
1350 2108 1408 2150 non
1432 2092 1510 2150 videt
1542 2108 1603 2166 qna
1626 2089 1793 2149 temeritate
1817 2087 1909 2146 ethnici

229 2183 335 2242 iisdem
350 2176 576 2237 lacedemoniis
588 2177 735 2234 inventam
751 2178 823 2234 satis
838 2181 938 2251 aperte
953 2177 1052 2234 dorla·
1106 2178 1735 2254 clamabantiniquissimisimperatorumin
1749 2176 1910 2236 Christianos

229 2276 284 2329 rat.
301 2268 442 2343 Rigaltius
457 2282 524 2323 vero
539 2266 709 2337 suspicatur
729 2264 814 2321 illum
838 2266 948 2324 ironice
971 2266 1052 2340 loqui
1106 2267 1222 2342 legibus
1236 2285 1268 2325 ee
1291 2269 1328 2324 ad
1343 2285 1394 2326 sos
1413 2269 1559 2326 vexandos
1573 2267 1649 2342 cogi,
1665 2269 1715 2340 qni
1735 2271 1815 2324 tanta
1835 2265 1909 2323 suda·

229 2361 266 2418 de
281 2357 408 2432 penulis,
424 2359 524 2428 utpote
539 2353 665 2410 nimium
681 2353 856 2427 gravibnset
867 2355 1050 2427 ponderosis,
1106 2357 1152 2412 cia
1175 2361 1205 2413 et
1222 2357 1399 2430 impunitate
1423 2357 1495 2415 alias
1524 2357 1724 2431 equissimus,
1748 2356 1857 2413 theatra
1879 2353 1909 2410 cb

227 2465 292 2522 que
307 2446 531 2506 idcircucdium
546 2443 745 2516 potiusquam
761 2442 939 2514 voluptatem
954 2461 1052 2501 creare
1106 2445 1267 2502 immanem
1301 2461 1418 2502 morum
1450 2444 1647 2519 corruptelam
1683 2445 1814 2502 funditus
1832 2439 1909 2499 areni

229 2539 374 2612 poterant.
389 2536 425 2589 At
438 2548 579 2604 quorsum
595 2530 798 2588 Tertullianus
813 2530 860 2588 his
888 2529 984 2588 verbis
1000 2549 1051 2604 po·
1106 2533 1408 2607 praecipientes,plane
1422 2534 1625 2609 despiciebant
1632 2538 1661 2591 et
1675 2528 1910 2608 aspernabantur?

229 2628 301 2698 tius,
316 2639 405 2697 qnam
421 2620 486 2678 aliis
501 2622 530 2675 et
544 2618 778 2691 precedentibus
795 2622 824 2675 et
847 2620 1052 2692 subsequenti·
1105 2621 1204 2695 Neque
1219 2621 1293 2681 alias
1308 2623 1406 2696 plores
1417 2639 1559 2696 perquam
1587 2623 1716 2696 optimas
1731 2620 1821 2695 pluris
1834 2617 1907 2676 iacis·
2017 2655 2018 2682 ,

229 2717 296 2782 bus,
312 2712 423 2769 ironice
436 2707 627 2781 loqueretur?
1105 2712 1186 2781 hant,
1202 2712 1452 2785 quemadmodum
1472 2710 1673 2770 Tertullianus
1694 2712 1788 2781 docet,
1807 2713 1835 2766 ct
1854 2709 1909 2780 post

267 2801 340 2870 Quia
354 2799 446 2874 igitur
459 2796 657 2854 Tertullianus
672 2797 736 2854 sine
750 2796 845 2855 ironia
863 2801 892 2856 et
906 2799 1051 2857 aiiirmcta
1106 2797 1188 2856 illum
1204 2800 1404 2858 ostendemus.

229 2892 310 2965 loqui
328 2889 454 2959 videtur,
469 2886 618 2944 existimat
633 2885 741 2942 idcirco
761 2886 911 2943 Ferrarius
926 2904 994 2944 sum
1009 2888 1051 2946 ibi

231 2978 370 3039 memoria
385 2977 513 3050 lapsum,
525 2991 558 3032 ae
571 2973 707 3047 penulam
716 2975 870 3047 scripsisse
884 2991 937 3048 pro
950 2977 1050 3034 endro-
1410 2960 1570 3003 *mum
1594 2961 1622 3001 V·

230 3069 329 3128 midam
346 3067 509 3140 (lirrpart.
535 3061 652 3121 ridelis
673 3067 739 3120 vert.
763 3061 814 3120 lib.
830 3080 864 3134 ιι,
891 3082 916 3121 o.
934 3064 1051 3138 l),que
1105 3049 1278 3176 fitistiim?
1306 3067 1360 3125 quc
1388 3051 1541 3108 amnicae
1568 3051 1674 3108 ethnici
1705 3047 1906 3108 cosmimetria!

231 3175 330 3217 crassa
344 3157 433 3212 etiam
456 3157 485 3210 et
508 3151 624 3210 hirsuta
639 3151 729 3209 uestis
752 3155 824 3222 erat,
853 3169 887 3210 ac
909 3153 1050 3226 palestra
1142 3120 1565 3252 ὧθαῖἶοὲἕξῶῑθθιηὲἴὲεᾘξι
1574 3123 1908 3264 afflatam&

230 3248 292 3306 sive
305 3245 404 3319 potins
419 3247 486 3316 post
508 3239 685 3314 palestram,
701 3256 759 3298 non
786 3241 886 3299 minus
901 3259 988 3315 quam
1004 3229 1089 3317 pe-C
1143 3262 1220 3335 pan„
1241 3268 1292 3321 m
1313 3265 1496 3338 mmmm
1519 3282 1555 3322 Μ
1576 3267 1711 3324 mum,
1733 3280 1811 3332 am,
1823 3263 1872 3318 mg,
1884 3275 1908 3315 Μ

234 3335 305 3392 nula
318 3332 447 3390 utilis.ln
461 3346 521 3386 sue
531 3332 631 3386 autem
644 3329 790 3402 opinionis
800 3330 1052 3390 confirmationem
1141 3335 1246 3393 annulo
1254 3339 1391 3410 proaulo,
1405 3347 1582 3396 meatur.

233 3425 295 3482 hm
311 3422 420 3497 ΝΟΜ
434 3416 577 3476 Mmiffl
591 3417 745 3475 mina:
1142 3460 1269 3518 Gradum
1291 3461 1360 3520 inde
1380 3462 1580 3522 Tertullianus
1603 3463 1675 3519 lacit
1698 3462 1734 3519 ad
1759 3457 1835 3518 aliud
1852 3469 1906 3530 pce·

297 3558 373 3608 lianc
386 3553 437 3606 tibi
453 3550 603 3614 sequanica
617 3549 745 3613 pinguem
759 3550 877 3601 textricis
891 3549 1035 3616 domnam,
1106 3550 1305 3607 sumdatarum
1321 3551 1357 3608 ab
1372 3551 1498 3611 ethnicis
1512 3552 1611 3627 legum
1621 3566 1728 3626 genus,
1743 3549 1845 3624 quibus
1856 3557 1907 3600 mc·

294 3613 1014 3738 gossffffigfffigdffi'fl'flff„bfflssnffflssffiss’fi,
1106 3639 1205 3695 destia
1220 3657 1252 3696 ac
1267 3641 1418 3698 sobrietati
1433 3642 1463 3699 in
1480 3641 1584 3717 primis
1611 3641 1771 3698 mulierum
1795 3635 1905 3711 pruden-

326 3744 408 3799 Dona‚
422 3737 591 3802 peregrinam
606 3737 737 3787 mittimus
750 3737 919 3799 andronice,
1105 3727 1221 3786 tissime
1235 3731 1402 3788 consultum
1417 3729 1487 3788 olim
1503 3731 1568 3788 iuit.
1584 3731 1639 3798 Qui
1654 3729 1735 3789 enim
1751 3727 1827 3800 leges
1840 3719 1906 3780 chri-

298 3799 973 3927 stislq'fflffiffiffissffilsgffi‘l'gffiffiffffflb
1105 3818 1320 3876 etiancnomini
1331 3820 1491 3890 iniuriosae
1499 3824 1561 3877 tam
1569 3818 1732 3877 insolenter
1741 3809 1907 3889 objectabant

508 3939 622 4005 qumi„
647 3940 693 3992 qq,
708 3952 736 3990 ι,
759 3941 780 3991 E
799 3941 806 3991 q
827 3955 883 3994 ,m
909 3945 938 3994 ¹9
948 3949 958 4002 q
1105 3905 1134 3962 hi
1149 3905 1206 3980 lpsi
1221 3897 1379 3980 tranquillo
1399 3908 1523 3982 latoque
1537 3908 1635 3966 animo
1649 3907 1835 3981 patiebantur
1846 3898 1906 3957 alias

626 3977 657 4050 ··
737 3979 744 4004 ⁵
781 3955 826 4007 Η
887 3981 893 3993 ι
940 3979 947 3991 ⁰
1104 3994 1281 4062 ⁰⁰¹i⁰¹²¹0trt
1297 4017 1312 4047 a
1325 4012 1390 4070 que
1405 3997 1577 4071 dignitatum
1589 4000 1619 4053 et
1636 3995 1825 4053 bonestorum
1838 3989 1905 4045 nata·

262 4079 340 4137 ⁰⁰8
357 4081 466 4136 Verum
481 4073 554 4132 nihil
568 4090 690 4148 prorsus
706 4090 827 4132 necesse
853 4075 968 4134 videtur
997 4095 1050 4135 nc·
1103 4081 1178 4139 liam
1201 4083 1329 4158 insignia
1350 4102 1407 4143 non
1432 4091 1542 4144 temere
1564 4101 1618 4144 nec
1643 4085 1767 4159 impune
1788 4071 1905 4149 usurpari

228 4186 295 4228 men
308 4164 511 4242 peculanum
523 4167 692 4219 constanter
702 4162 730 4218 iu
746 4163 884 4222 omnibus
899 4166 1050 4224 codicibus
1104 4171 1280 4229 sinebant»
1295 4173 1428 4246 (Tertull.
1449 4175 1590 4250 Apolopet.
1616 4190 1681 4247 cap.
1707 4173 1735 4248 6,
1757 4185 1821 4246 pag.
1842 4161 1903 4234 300)-

226 4257 344 4332 legitur,
360 4259 478 4330 proptor
500 4253 699 4324 conjecturam
728 4250 891 4310 immutari.
919 4254 1049 4314 Dubium
1103 4259 1255 4325 Quisnam
1277 4263 1467 4321 nescitvcria
1490 4263 1582 4321 tuisse
1604 4279 1720 4337 regum,
1743 4262 1904 4319 senatorum,

226 4349 373 4408 enimvero
388 4341 500 4400 nemini
514 4356 579 4398 esse
593 4343 700 4412 potest,
716 4340 787 4412 quin
811 4343 935 4400 Romani
956 4359 1048 4416 penu·
1102 4347 1234 4421 equitum
1252 4351 1472 4424 etplebeiprnm
1494 4351 1648 4410 bominum
1671 4343 1904 4424 insignitarum.

224 4438 277 4496 luti
304 4433 384 4493 ludis
412 4428 538 4504 publicis
566 4428 751 4486 interessent.
780 4429 876 4487 Testis
902 4431 1048 4504 siquidem
1102 4443 1327 4510 sasqusvestes,
1343 4441 1529 4513 quibusase
1552 4441 1677 4498 invicem
1701 4432 1903 4510 distingueban-

225 4525 312 4583 nobie
326 4527 371 4580 eet
384 4517 543 4578 Suetonius
553 4516 676 4574 Galbam
688 4516 895 4591 imperatorem
906 4520 1047 4592 jussisse,
1102 4524 1174 4581 turi
1187 4527 1275 4584 Missa
1293 4528 1441 4587 enimvero
1457 4534 1489 4586 ut
1514 4529 1642 4602 piurima
1665 4528 1742 4586 eoo
1768 4523 1902 4582 recianus,

225 4620 259 4672 ut
272 4612 315 4670 illi
329 4613 359 4668 in
375 4608 501 4683 quodam
517 4605 642 4664 solemni
657 4605 824 4678 spectaculo
838 4624 938 4666 manus
956 4626 1044 4683 psau-
1059 4597 1083 4663 Β
1099 4611 1160 4670 bac
1175 4614 1233 4672 alia
1257 4621 1327 4673 sunt
1340 4618 1377 4674 de
1401 4617 1460 4675 illis
1483 4617 1642 4690 ipsiusmet
1664 4615 1797 4674 Auctoris
1821 4603 1900 4666 nostri

224 4705 260 4762 ²²⁸³
273 4695 587 4768 mummffiwwn·
604 4695 633 4750 ’ἢ
652 4695 701 4750 W·
731 4692 913 4769 Galbaesbssl·
931 4698 963 4755 1¹1
976 4697 1044 4756 Dio·
1099 4702 1238 4759 verbam
1250 4705 1321 4771 Quis
1336 4706 1568 4780 omninoregom
1581 4706 1698 4779 insigne
1713 4697 1902 4778 potestatione

225 4781 624 4860 nieverollpitomelegimus
639 4783 1045 4859 Commodumimperatorcm
1099 4788 1221 4848 humero
1236 4793 1362 4865 praisrt,
1377 4799 1407 4850 et
1421 4811 1479 4850 non
1504 4798 1556 4851 ant
1578 4795 1674 4868 capita
1699 4792 1839 4854 diadema,
1859 4783 1903 4838 cul

226 4879 398 4956 precepisse
412 4878 444 4931 ¹¹²
457 4872 494 4930 id
511 4870 741 4944 ultimumrqffld
758 4871 1045 4946 deditglsdiaurum
1099 4877 1129 4934 in
1141 4894 1230 4936 manu
1247 4885 1405 4954 sceptrum,
1417 4886 1468 4940 aut
1483 4882 1612 4955 aliquam
1628 4881 1750 4957 proprie
1764 4875 1848 4935 vastis
1860 4885 1902 4926 no

226 4984 336 5028 munus
364 4966 513 5024 senatores
543 4960 573 5016 in
607 4958 753 5016 theatrum
783 4963 936 5034 venirent,
962 4961 989 5019 ἔν
1016 4985 1046 5020 τι
1098 4968 1299 5039 tami(ldem,
1314 4969 1355 5028 lib
1380 4972 1441 5028 odo.
1457 4971 1573 5038 iudaea,
1588 4987 1651 5044 cap.
1669 4973 1723 5039 lo).
2015 5021 2016 5032 ,

224 5057 259 5134 aqi
284 5053 369 5129 στολῇ
397 5054 432 5126 τῇ
458 5044 566 5118 landis,
582 5045 627 5118 aql
656 5046 682 5103 tu
709 5052 768 5112 ταῖς
794 5047 925 5123 pavidas<
950 5050 990 5117 ai<
1013 5053 1044 5108 τὸ
1134 5055 1240 5113 Datum
1257 5059 1589 5132 qucqueastatlassare
1612 5061 1743 5133 augme
1773 5052 1900 5111 adiciam,
2015 5103 2016 5126 1

226 5147 336 5224 tlarpou
358 5140 487 5200 εἰσελθεῖν
505 5157 512 5197 :
527 5139 653 5210 Equestri
679 5147 751 5197 veste
777 5142 802 5198 et
828 5143 932 5214 pecata
959 5143 1044 5200 indu-
1099 5159 1158 5216 quo
1174 5145 1376 5226 prohibuitne
1395 5147 1484 5217 ullus,
1510 5149 1567 5206 nisi
1592 5153 1719 5216 senator,
1743 5149 1900 5219 purpuram,
2015 5153 2016 5218 ᾗ

225 5247 265 5298 tos
280 5235 419 5294 centrata
435 5231 574 5288 theutrum
592 5225 676 5298 iussit
690 5225 793 5298 (llpist.
819 5229 902 5288 Dion.
928 5229 957 5286 in
984 5232 1045 5289 l'its
1099 5247 1163 5304 qna
1186 5238 1258 5292 tunc
1288 5235 1373 5308 vulgo
1403 5237 1586 5306 sumebatur,
1612 5235 1749 5307 deinceps
1779 5223 1900 5288 indueret
2015 5225 2016 5250 l

226 5317 530 5397 commeapagem).
548 5313 863 5385 Quoquidemcruatu
891 5335 1043 5393 nunquam
1099 5320 1193 5394 (Dion,
1218 5321 1272 5382 lib.
1300 5342 1366 5382 xum
1394 5327 1497 5383 litator.
1522 5325 1598 5382 Rom.
1623 5341 1689 5400 pag.
1723 5321 1795 5392 leel.
1818 5316 1899 5370 tutet

225 5422 312 5474 antea
327 5412 399 5469 illud
423 5404 536 5483 ingredi
565 5405 788 5472 consueverant,
812 5405 869 5463 nisi
883 5407 1044 5480 imperator
1097 5426 1165 5466 vero
1185 5411 1283 5471 Julius
1305 5415 1412 5481 Cesar,
1436 5418 1510 5472 teste
1533 5415 1684 5482 Suetonio,
1706 5433 1721 5464 a
1745 5406 1897 5466 lecticarum

225 5521 260 5563 ex
274 5501 405 5561 haesita
430 5491 615 5554 ἀθθθῡῦῑῠῦθῑ·
638 5491 673 5545 M
698 5485 801 5561 μανδῦη
828 5494 976 5567 signifieat
990 5496 1043 5554 cli·
1098 5501 1280 5568 counitam
1297 5503 1492 5578 conchyliade
1504 5505 1602 5575 sestis,
1618 5509 1647 5562 et
1674 5497 1895 5573 margaritarum,

225 5593 304 5666 quod
321 5587 432 5662 penula
455 5595 558 5656 genus.
586 5576 661 5634 Nam
685 5579 872 5651 Lampridius
888 5583 923 5641 de
940 5585 1044 5643 eodem
1097 5589 1154 5646 nisi
1178 5591 1266 5648 certia
1293 5593 1427 5666 personis
1454 5597 1484 5650 et
1501 5593 1657 5651 atatibbus
1680 5601 1785 5666 perque
1814 5583 1895 5638 term!

224 5679 384 5739 commodo
400 5692 408 5732 :
427 5697 438 5726 ι
455 5673 563 5729 contra
577 5667 829 5740 consuetudinem,
858 5671 966 5744 inquit,
996 5689 1043 5747 pe·
1097 5677 1169 5750 dies,
1184 5679 1296 5738 ademit
1310 5703 1325 5734 u
1337 5681 1469 5756 (sueton.
1485 5682 1516 5740 in
1534 5681 1583 5741 Vit.
1600 5683 1670 5742 tutis
1683 5675 1804 5743 caure,
1818 5670 1832 5738 t
1844 5663 1890 5734 ⁴3).
