4068 6186
116 375 167 437 589
654 373 950 436 APOLOGETlCUS
974 375 1064 436 inv.
1089 373 1253 436 cuatus.
1746 375 1807 440 teo

114 506 270 565 necssltoin
295 505 434 562 castitas
463 507 486 542 ⁶⁹
515 506 571 579 (20)
600 523 618 562 a
646 507 755 578 populo
782 506 922 580 exigetur.
939 510 966 572 Α
983 505 1053 579 ipsa
1068 507 1136 580 (22),
1152 512 1204 563 aut
1219 511 1371 566 manentes
1396 508 1469 581 ipsse
1493 525 1550 565 non
1575 511 1662 564 erunt
1688 506 1808 564 aliunde

114 599 180 657 522
195 595 281 662 Quasi
310 612 379 662 non,
410 611 603 670 quecumque
632 597 706 653 ratio
737 601 842 669 preest
869 597 925 670 (21)
981 596 1013 650 ⁷⁰.
1031 595 1131 653 Multis
1147 597 1235 653 etism
1247 596 1323 668 Jocis
1338 604 1367 654 et
1380 597 1438 654 otio
1454 598 1475 633 ⁷¹
1501 613 1577 670 opus
1602 597 1669 664 crit,
1692 595 1718 654 si
1738 595 1809 653 veli·

113 690 268 744 animarum
284 685 483 742 humanorum
500 685 528 740 in
558 702 680 758 corpora
703 685 925 758 reciprocanda·
982 701 1050 742 nius
1065 686 1101 742 ud
1115 685 1191 742 hniic
1204 691 1317 758 partein
1333 685 1477 754 lascivire,
1494 687 1572 744 528
1589 685 1656 758 quis
1671 685 1702 742 in
1717 702 1808 759 quam

112 793 179 844 rum,
192 776 257 848 ipsa
270 775 368 849 exigat
382 772 449 831 illas
464 775 494 830 in
510 775 612 831 andem
629 791 751 847 corpora
776 774 926 844 revocari;
981 774 1106 831 bestiam
1123 776 1275 832 reformari
1293 775 1441 832 videretur
1455 776 1478 813 ⁷²
1490 775 1557 848 (23).
1575 775 1630 831 Sed
1647 774 1682 830 dc
1706 779 1808 833 nostre

113 863 621 936 quiahocsitrevoccri,esseqnod
642 863 767 920 lucrant.
799 863 871 922 Nam
901 865 926 919 si
982 864 1270 938 magisdetsnsioac,
1289 865 1339 936 qui
1358 864 1560 937 proponimus,
1587 861 1680 920 multo
1704 863 1808 936 utique

113 971 162 1010 non
176 953 205 1008 id
220 959 291 1009 sunt
306 953 382 1024 quod
398 952 526 1020 fuerant,
543 951 572 1008 id
588 957 643 1024 est,
660 953 825 1009 humanum
840 956 869 1009 et
897 953 926 1008 id
981 953 1101 1026 dignius
1117 952 1358 1021 credi,hominem
1375 952 1542 1009 exhaurire
1558 952 1722 1008 rediturum
1739 951 1807 1024 (24),

110 1043 199 1114 ipsum
230 1057 336 1114 corpus
366 1039 485 1108 induta,
508 1041 573 1112 jam
602 1041 926 1114 nonipaaeeruntquas
982 1041 1678 1114 quamlibctproquolibet,dumhominem,ut
1704 1040 1808 1098 cadoni

112 1132 227 1187 inerant.
243 1135 340 1200 Porro,
356 1147 420 1202 qua
431 1131 494 1204 jam
511 1146 569 1187 nori
584 1135 672 1187 erunt
685 1130 768 1204 ipsas,
781 1132 926 1204 quomodo
981 1130 1110 1202 qualitas
1126 1130 1179 1204 (25)
1196 1130 1302 1188 animae
1317 1131 1347 1186 in
1361 1132 1496 1188 eamdem
1511 1133 1692 1189 restauretur
1705 1130 1808 1188 condi-

110 1220 211 1276 redisso
240 1217 409 1276 dicentur?
443 1220 501 1275 Aut
537 1217 617 1276 alind
646 1220 728 1276 tacta
757 1236 816 1277 non
841 1225 928 1278 erunt
981 1217 1807 1292 tionem,atsinonelfigiem,certeqniuraticrestitu·

811 1322 912 1384 Variae
926 1320 1088 1382 lectiones.

138 1407 304 1466 ”Gadibus
318 1411 409 1465 h‘rac.
456 1407 479 1444 ⁷⁰
494 1410 535 1465 lto
549 1409 617 1464 Hoc.
633 1425 659 1466 e.
674 1409 735 1467 cod.
750 1410 830 1466 Fuld.
845 1413 878 1466 ln
890 1408 1033 1482 prioribus
1047 1407 1107 1466 edd.
1125 1408 1199 1464 locus
1214 1409 1255 1464 ito
1278 1415 1343 1464 erat
1365 1407 1519 1481 demriptcs
1542 1425 1550 1464 :
1574 1406 1602 1462 si
1626 1421 1808 1480 quaecunque

108 1480 291 1553 raticpraest
311 1479 479 1536 animarum
504 1481 704 1538 humanarum
734 1483 1010 1554 reciprocandarum
1036 1479 1356 1552 incorpore,carnon
1384 1479 1414 1535 in
1444 1481 1578 1536 eamdem
1608 1479 1807 1536 substantiam

108 1553 229 1620 redeant,
246 1568 314 1609 oum
327 1552 382 1608 hoc
399 1550 438 1608 sit
454 1552 580 1623 restitui,
596 1553 626 1610 id
641 1569 706 1610 esse
722 1556 799 1626 quod
816 1554 934 1611 fuerat?
947 1553 1013 1610 lam
1030 1568 1087 1608 non
1103 1552 1174 1624 ipsas
1189 1555 1270 1620 sunt,
1298 1568 1362 1624 quae
1384 1551 1509 1621 inerant,
1533 1551 1602 1622 quic
1625 1568 1683 1608 non
1705 1559 1809 1624 potue·

111 1629 249 1681 ructasse
266 1623 345 1695 quod
360 1629 526 1692 nonerunt,
542 1624 601 1680 nisi
614 1625 750 1682 desinant
765 1641 829 1682 csse
845 1627 923 1698 quod
940 1626 1066 1680 lucrant.
1094 1625 1136 1678 Ea
1161 1624 1212 1680 loc
1241 1639 1346 1696 qnoque
1372 1625 1519 1694 scripturae
1545 1624 1710 1680 diuersitate
1736 1625 1808 1694 ccci.

113 1697 183 1767 lion,
197 1696 404 1768 Apolopetrcrrm
419 1713 435 1750 a
451 1695 566 1752 Tertult.
584 1699 626 1753 hia
638 1695 742 1754 editum
756 1713 821 1754 esre.
860 1700 882 1734 ⁷¹
899 1697 944 1754 Sic
961 1696 1059 1752 Wooic.
1077 1711 1156 1751 ecia.
1172 1704 1198 1752 et
1213 1697 1284 1768 Rip,
1301 1696 1406 1752 Pomet.
1431 1693 1559 1766 aliique:
1579 1695 1656 1765 iocis
1681 1711 1715 1751 ex
1737 1697 1807 1766 otio,

109 1766 313 1840 Gel.:joeiset
337 1767 720 1840 otic‚ilcc.juoisexotio.
758 1766 1569 1842 l’triticoa'ncod.Fratri-,qucdprchlier.,ltip.,licio.
1595 1765 1626 1822 ln
1648 1776 1710 1825 caet.
1742 1765 1806 1826 edd.

109 1839 171 1904 Quis
184 1839 307 1914 inquam
321 1838 417 1912 [Rhirc.
434 1843 590 1911 unquamJ,
606 1841 758 1898 reformari
772 1841 865 1897 vidit?

819 1938 1082 2003 Commentarius.

139 2036 191 2107 (20)
220 2037 276 2092 Nee
302 2037 398 2092 sattim
425 2037 563 2094 caestibus.
593 2037 710 2094 Veteres
738 2038 966 2108 membranas,ss
1016 2036 1072 2108 (23)
1097 2036 1164 2104 Quis
1187 2037 1218 2091 in
1241 2051 1325 2108 quim
1349 2035 1462 2091 bestiam
1485 2036 1634 2107 reformari
1657 2035 1806 2093 uideretur.

110 2105 226 2163 datibus.
243 2107 372 2165 Omnino
388 2108 557 2180 legendnm,
570 2112 716 2175 tlaertihur,
731 2115 760 2166 et
781 2111 853 2166 scite
877 2111 928 2165 sd·
983 2108 1058 2164 Editi
1074 2115 1195 2176 veteres,
1212 2113 1244 2162 ut
1258 2106 1335 2173 Aioi,
1351 2108 1468 2175 Barrei,
1484 2111 1566 2164 Pani.
1583 2113 1681 2164 etms.
1708 2109 1736 2164 L.
1764 2112 1808 2181 B.,

110 2179 221 2236 modum
238 2185 347 2236 creatus
361 2179 445 2246 dixit,
461 2196 577 2254 pugnos
590 2180 656 2237 vilis
670 2180 827 2254 plebecula
844 2181 930 2238 callo·
983 2201 996 2230 a
1014 2179 1359 2250 Quis,inquam,hsstiam
1375 2180 1528 2235 reformari
1541 2178 1630 2235 vidit?
1646 2201 1660 2230 υ
1672 2179 1806 2238 Rhenan.

110 2267 161 2319 scs,
177 2251 343 2324 habuitque
357 2252 387 2308 in
403 2257 500 2308 mente
515 2251 590 2309 illud
605 2253 754 2310 luvenalis
770 2269 778 2309 i
982 2267 1115 2323 unquam,
1132 2250 1254 2306 insulse.
1270 2251 1325 2307 Sed
1341 2267 1375 2307 ex
1389 2250 1453 2306 Vat.
1469 2251 1537 2307 Cod.
1563 2252 1689 2308 correxit
1709 2251 1805 2308 Wou-

982 2323 1093 2379 warlus
1108 2323 1185 2404 uelit,
1202 2323 1285 2394 quasi
1301 2327 1420 2395 rogetur
1443 2322 1551 2378 mulier
1572 2329 1670 2378 utrum
1693 2322 1805 2396 galline

982 2411 1019 2450 sii
1034 2410 1283 2465 vacea,rirvcrc,
1308 2411 1345 2450 an
1373 2399 1621 2466 presentamus,
1646 2411 1683 2451 an
1708 2410 1805 2452 seara·

982 2467 1062 2522 baeus
1077 2481 1141 2522 esee
1155 2465 1232 2522 velit.
1247 2465 1301 2521 Sed
1315 2470 1434 2538 praestat
1448 2465 1533 2521 lectio
1547 2465 1689 2536 Fuldana,
1713 2481 1802 2538 quam

109 2534 150 2591 sit
163 2535 252 2608 igitur
266 2535 430 2608 Septimius
457 2553 464 2590 :
489 2537 519 2592 Si
548 2536 732 2595 Christianus
760 2538 869 2610 aliquis
898 2537 927 2593 in
982 2537 1135 2610 amplexus
1149 2541 1194 2592 cst
1208 2538 1369 2610 Scioppius
1385 2541 1414 2592 et
1431 2535 1588 2609 Rigalt.,et
1605 2555 1640 2593 ex
1652 2537 1715 2593 suis
1727 2555 1802 2596 mss.

110 2609 188 2663 turba
202 2609 289 2678 torte,
304 2607 341 2662 ad
357 2607 499 2681 populum
516 2610 604 2666 verba
626 2611 745 2681 lanians,
770 2612 806 2667 de
830 2626 928 2666 resur·
982 2611 1116 2683 probavit
1128 2609 1215 2666 etiarn
1231 2607 1385 2679 Heraldue,
1401 2610 1557 2665 rideretur:
1579 2609 1626 2666 cui
1649 2625 1805 2668 assensum

110 2679 230 2736 rectione
245 2696 403 2751 corporum
419 2696 585 2738 sermonem
601 2682 718 2751 habeat,
733 2683 769 2738 de
785 2698 844 2754 qua
861 2683 928 2738 Gaio
983 2698 1042 2738 non
1056 2685 1172 2738 tantuin
1188 2682 1318 2753 prebent
1337 2679 1467 2736 Latinius
1488 2685 1516 2736 et
1542 2679 1651 2738 lunius
1674 2697 1710 2740 ex
1732 2698 1806 2740 mss.

110 2756 154 2806 ant
179 2752 352 2822 Sempronio
381 2751 480 2824 ipsum
503 2753 928 2827 Caiumetsomprcniumre·
982 2757 1050 2809 Put.
1085 2757 1113 2810 et
1139 2752 1246 2820 Ursini,
1273 2753 1324 2808 aad
1349 2755 1378 2808 et
1402 2752 1472 2808 God.
1497 2752 1591 2825 Agoh.
1614 2753 1662 2810 Sic
1692 2769 1807 2826 quars-

111 2828 288 2880 surrecturos
300 2829 425 2892 asserat;
438 2825 464 2880 is
475 2824 693 2900 beneapopulo
704 2843 804 2883 secum
815 2827 862 2898 agi
874 2842 928 2897 pu·
983 2831 1063 2882 retur
1085 2825 1130 2881 vir
1153 2822 1322 2889 bellicosus,
1347 2839 1464 2895 avarus,
1487 2823 1621 2893 timidus,
1649 2824 1808 2900 voluptua-

109 2895 214 2966 tabit‚si
230 2897 341 2968 pugnis
354 2899 514 2964 tantum‚et
529 2914 586 2954 non
603 2898 699 2971 magis
709 2898 859 2971 lapidibus
872 2896 929 2955 exi·
983 2898 1056 2968 rius,
1073 2897 1102 2953 in
1118 2911 1182 2968 qua
1196 2895 1336 2952 animalia
1351 2900 1417 2967 post
1440 2899 1564 2952 mortem
1587 2897 1718 2970 corporis
1742 2898 1807 2956 ani-

110 2973 196 3038 gitur.
229 2969 296 3039 lpse
324 2967 536 3034 Tertullianus,
565 2970 602 3025 od
625 2973 806 3028 Marcionem.
824 2969 874 3025 lib.
890 2984 927 3038 iv,
983 2985 1061 3026 main
1078 2968 1146 3026 velit
1161 2967 1399 3040 migrare,prout
1412 2968 1564 3024 commode
1578 2968 1807 3054 Micyllus:ills‚

110 3055 168 3111 pag.
184 3037 246 3106 368,
264 3038 474 3110 lapidationem
489 3041 563 3095 dixit
577 3042 769 3114 popularibus
794 3042 927 3109 coetibus,
984 3040 1099 3098 somnio
1123 3040 1203 3097 diras
1218 3045 1247 3096 ct
1267 3055 1417 3111 nunqnam
1432 3055 1490 3095 non
1506 3039 1586 3096 aurci
1602 3039 1682 3099 illius
1695 3042 1807 3100 iiisoui·

110 3117 136 3164 et
161 3109 265 3166 inermi
282 3111 426 3167 tumultui
442 3111 627 3170 familiarem.
643 3117 678 3170 nt
691 3113 743 3170 tib.
760 3131 791 3181 ii,
806 3115 843 3170 nii
854 3113 930 3184 Not„
983 3113 1024 3170 nii
1041 3129 1163 3182 mernor,
1180 3112 1350 3169 sciscitatus
1373 3109 1441 3184 quis
1467 3111 1530 3183 ipse
1554 3111 1625 3168 olim
1649 3114 1766 3185 luisset,
1790 3131 1807 3172 a

110 3180 245 3254 lapidem,
260 3182 356 3238 telum
372 3197 438 3240 ease
452 3185 493 3240 ait
517 3183 635 3257 vulgare
663 3189 751 3259 atque
779 3186 927 3243 caninum.
983 3184 1185 3242 contubernali
1199 3183 1276 3257 gallo
1291 3200 1345 3240 suo
1361 3184 1482 3240 docetur
1497 3181 1587 3241 tuisse
1600 3184 1752 3242 formicam
1766 3186 1807 3242 in·

114 3251 170 3308 ltro.
983 3258 1079 3314 dicam
1091 3273 1127 3313 ex
1140 3256 1199 3312 illis
1214 3273 1288 3328 quar,
1305 3271 1410 3312 aarum
1426 3255 1614 3326 effodiuntur
1624 3257 1741 3327 jocatur
1754 3257 1810 3314 Lu·

138 3323 191 3395 (21)
205 3324 381 3408 Quaecunque
395 3327 468 3382 ratio
481 3336 592 3399 preest.
610 3327 651 3384 lte
676 3329 788 3402 explico
811 3347 818 3386 :
844 3327 929 3401 quasi
984 3328 1087 3386 cianus
1102 3328 1132 3384 in
1148 3326 1240 3386 Gallo.
1264 3333 1326 3384 lino
1351 3331 1380 3384 et
1403 3325 1553 3383 hominem
1577 3328 1681 3385 induta
1704 3345 1808 3388 rursus

319 2401 328 2415 .
362 2401 368 2414 .
403 2401 410 2418 .
426 2372 453 2417 et
466 2368 567 2432 pugnis
578 2369 702 2420 concisus
716 2367 819 2430 adorat,

159 2430 192 2480 llt
204 2429 287 2480 liceat
301 2430 393 2493 paucis
405 2443 465 2479 eum
481 2429 607 2481 dentibus
621 2432 684 2481 indc
701 2433 797 2482 reverti
813 2429 877 2494 (Sat.
893 2431 927 2494 3.)

113 3411 164 3450 non
179 3411 277 3477 omnis
294 3403 536 3481 argumentorum
554 3399 609 3482 vis,
624 3399 731 3473 quibus
746 3400 929 3474 praestruitur
943 3417 964 3484 G
983 3400 1075 3474 Pytha
1096 3399 1174 3457 orics
1197 3399 1249 3456 illa
1272 3399 1371 3457 anima
1382 3398 1500 3455 deberet
1514 3397 1700 3456 simillimum
1716 3402 1807 3475 priori

108 3472 133 3521 et
147 3468 315 3524 detenditur
327 3471 517 3541 reciprocatio
538 3488 705 3529 animarum
729 3472 927 3530 humanarum
983 3417 1187 3530 contugernali
1204 3472 1337 3529 reddere.
1359 3471 1394 3526 lit
1408 3473 1553 3543 quantum
1569 3472 1631 3543 ipse
1642 3472 1809 3532 Mnesarchi

109 3538 245 3622 etinalia
259 3555 383 3612 corpora
396 3543 726 3673 transmigratiomagis
741 3547 829 3602 etiam
843 3545 930 3602 strin-
984 3545 1064 3602 silius
1079 3561 1096 3601 a
1109 3543 1272 3602 Panthoide
1287 3543 1413 3669 aliisque
1429 3543 1566 3626 abluerit,
1582 3559 1663 3601 more
1687 3563 1753 3615 suo,
1779 3545 1809 3604 id

111 3615 148 3682 git
160 3627 184 3666 si
198 3612 364 3668 affirmetur
378 3629 505 3670 revocari
522 3631 637 3671 animas
660 3632 676 3672 a
721 3633 776 3674 sua
796 3632 930 3692 quasque
984 3623 1029 3675 est
1048 3618 1150 3688 jocose
1176 3617 1260 3673 docet
1277 3617 1366 3672 Tertu
1380 3616 1411 3682 l.,
1429 3615 1479 3670 lib.
1495 3615 1529 3671 de
1543 3616 1656 3684 Animo,
1672 3634 1736 3691 osp.
1752 3619 1785 3674 31
1802 3632 1810 3676 t

111 3683 273 3766 corporaln
290 3683 344 3765 hoe
360 3685 438 3741 enini
455 3702 543 3742 sensu
559 3687 681 3743 verbnm
704 3704 823 3760 praeesse
843 3707 929 3746 usur·
985 3711 1000 3742 a
1016 3690 1088 3745 Ecce
1103 3688 1181 3744 enirn
1193 3687 1382 3762 Euphorbum
1395 3685 1552 3744 militarem
1563 3693 1592 3744 et
1602 3687 1737 3747 bellicam
1749 3690 1812 3748 ani·

112 3757 204 3824 patum
222 3755 366 3838 discimus
382 3773 415 3812 eii
430 3756 481 3814 lib.
497 3757 531 3814 de
544 3761 634 3816 Corne
648 3759 760 3828 Christi,
782 3778 844 3844 cap.
871 3761 929 3816 17:
985 3777 1064 3818 main
1082 3762 1154 3817 satis
1168 3764 1283 3817 constat
1307 3760 1351 3816 vel
1376 3760 1412 3814 dc
1437 3760 1501 3832 ipsa
1525 3759 1619 3832 gloria
1640 3760 1809 3836 clypeorum

113 3829 207 3908 «Ante
221 3843 324 3882 omnia
338 3833 436 3885 anterii
452 3830 687 3888 commendanda
701 3833 757 3888 erit
771 3840 845 3889 ratio
867 3849 931 3906 que
986 3838 1220 3890 consecratorum
1238 3849 1244 3888 :
1261 3830 1453 3904 Pythagoram
1468 3847 1534 3887 vero
1549 3838 1610 3888 tam
1631 3835 1758 3892 residem
1782 3839 1812 3892 ct

114 3899 234 3966 praelnit.
254 3921 265 3948 ι
284 3897 358 3954 Cum
372 3916 439 3956 vero
455 3906 534 3957 totus
549 3903 620 3958 ordo
634 3903 772 3959 dictionis
786 3923 803 3960 a
828 3921 873 3961 me
897 3921 932 3959 ex
985 3904 1180 3971 imbellem,iit
1195 3902 1295 3976 praelia
1310 3904 1504 3959 tuacuraecia
1515 3903 1620 3972 vitans,
1638 3906 1729 3965 ltaliae
1745 3923 1813 3964 ma·

112 3967 174 4022 Cod.
190 3969 275 4026 suto.
293 3970 332 4025 sit
346 3976 563 4044 transumptus,
578 3990 696 4046 equum
718 3980 763 4031 est
787 3981 820 4031 ut
843 3976 931 4033 etiam
988 3976 1076 4035 luerit
1091 3977 1230 4048 quietem,
1246 3975 1411 4049 geometriae
1426 3979 1455 4030 et
1469 3974 1632 4048 astrologia
1647 3982 1677 4033 et
1692 3980 1812 4036 musicas

112 4039 225 4112 vulgata
250 4040 337 4098 lectio
361 4051 535 4118 apponatur,
562 4061 625 4118 quai
641 4047 682 4103 ito
698 4046 853 4104 sehabet:
871 4071 885 4099 a
903 4048 933 4104 Si
988 4051 1120 4110 devotus.
1134 4047 1247 4104 alienus
1262 4047 1360 4103 studio
1375 4051 1403 4103 ct
1418 4046 1521 4102 auecta
1538 4046 1695 4118 Euphorbi.
1713 4053 1767 4108 Sed
1784 4055 1813 4108 et

113 4128 292 4194 quacunque
318 4116 393 4172 ratio
419 4120 523 4189 praest
546 4119 713 4174 animarum
737 4119 933 4176 humanarum
988 4118 1179 4192 Pyrrhusilla
1195 4118 1331 4175 tollendis
1346 4117 1477 4192 piscibus
1498 4118 1613 4191 agebat,
1632 4121 1812 4195 Pythagoras

114 4185 387 4256 reciprocandarum
403 4189 432 4244 in
448 4205 582 4262 corpora,
597 4207 650 4246 cur
665 4207 722 4246 non
745 4191 775 4246 in
800 4193 933 4248 eamdem
989 4195 1100 4260 contra,
1126 4207 1179 4248 nee
1201 4192 1356 4261 adeundis,
1383 4193 1415 4244 ul
1438 4189 1615 4247 animalibus
1648 4193 1811 4252 abstinens.

113 4257 307 4312 substantiam
323 4259 464 4316 redeant?
480 4277 547 4318 curn
562 4261 616 4318 hoc
631 4261 670 4318 sit
684 4263 843 4332 restitui,id
859 4279 934 4332 esse,
988 4263 1149 4321 AEthalides
1163 4269 1259 4320 autem
1276 4267 1305 4319 et
1322 4261 1518 4320 Hermotimus
1535 4262 1631 4318 labam
1644 4281 1761 4340 quoquc
1782 4269 1814 4325 in

115 4329 185 4396 qnod
200 4329 321 4384 luerat?
335 4332 398 4386 larii
416 4349 473 4390 non
488 4336 552 4406 ipsu
568 4338 717 4406 suntquis
734 4335 936 4408 succentoria
990 4335 1107 4409 pabulis
1139 4335 1348 4392 communibus
1371 4334 1518 4399 inruerat;
1545 4334 1723 4408 Pythagoras
1746 4355 1814 4399 vero

115 4415 168 4454 non
185 4407 347 4473 potuerunt
361 4408 518 4478 essequod
534 4421 592 4489 non
609 4410 702 4489 erant,
719 4405 775 4462 nisi
801 4407 937 4492 desinant
991 4423 1027 4464 ne
1042 4425 1098 4494 per¹
1109 4407 1216 4464 fabalia
1231 4407 1349 4481 quidem
1361 4403 1575 4489 transeundum
1585 4405 1738 4481 discipulis
1751 4412 1816 4471 suis

114 4473 729 4625 araarsitii”certificairi
748 4480 937 4607 italici
992 4478 1817 4624 territttiiirritarettacitaetacitae:

115 4631 197 4669 niana
210 4616 331 4687 adpost
341 4620 790 4679 creatinterserituretiaminisi
802 4624 940 4680 desinant
993 4625 1072 4681 tibus
1087 4623 1193 4680 cadem
1210 4619 1436 4695 probabuntur?
1452 4619 1523 4676 Hau.

115 4701 174 4742 esse
189 4687 270 4758 quod
286 4697 453 4774 nonerunt.
472 4713 486 4742 c
501 4695 628 4820 Apparet
642 4693 671 4749 id
687 4695 764 4766 quod
779 4697 939 4752 statuimus
1029 4694 1086 4767 (24)
1099 4695 1241 4751 Hominem
1256 4711 1292 4752 ec
1305 4695 1417 4751 homine
1431 4691 1599 4750 rediturum.
1615 4694 1765 4757 Minucius
1776 4716 1816 4774 p.

116 4772 213 4812 reram
230 4775 308 4825 esse,
323 4762 402 4819 bisa
423 4764 522 4821 'tertul
537 4765 602 4821 iano
625 4767 827 4838 itpolopeticiim
851 4783 939 4825 suuni
995 4766 1029 4822 38
1046 4782 1053 4821 ε
1071 4788 1085 4818 a
1102 4770 1242 4822 datarum
1259 4767 1400 4840 quietam
1418 4762 1528 4821 stultus
1543 4769 1594 4822 aiit
1608 4767 1714 4826 brutus
1729 4777 1821 4839 estut

117 4829 300 4901 publicatum
326 4833 397 4889 Hiv.
997 4838 1103 4894 audeat
1127 4855 1301 4924 repugnare,
1328 4837 1479 4894 hominem
1503 4853 1519 4892 a
1544 4842 1611 4910 Deo,
1635 4844 1668 4896 ut
1689 4844 1821 4970 primum

148 4901 204 4973 (22)
235 4903 290 4985 Aut
317 4906 397 4961 aliud
428 4907 511 4977 sactae
539 4921 594 4963 aco
617 4915 697 4964 crunt
722 4906 797 4981 ipae.
818 4907 942 4966 sienim
998 4911 1128 4982 potuisse
1145 4911 1182 4966 tin
1207 4927 1226 4976 i,
1241 4910 1283 4967 ita
1317 4925 1383 4966 osse
1405 4908 1502 4964 denuo
1526 4909 1680 4968 reformari
1728 4935 1743 4966 a
1767 4913 1822 4973 Ubi

117 4972 265 5052 liuphorhi
292 4977 392 5032 anima
411 4993 517 5050 corpus
542 4979 646 5035 induat
668 4980 857 5053 Pythagoras,
878 4981 942 5052 jam
997 4982 1063 5038 vide
1079 4986 1177 5038 notam
1187 4927 1400 5039 “pimonfiomp
1430 4978 1557 5037 Pertinet
1572 4985 1599 5037 et
1615 4982 1673 5042 huo
1696 4986 1820 5060 Chryso.

118 5047 169 5100 iste
184 5043 277 5102 horno
292 5065 352 5105 non
382 5050 557 5122 Euphorbus
571 5055 616 5107 eet
631 5052 823 5124 amplius,scd
839 5053 945 5126 Pytha·
999 5055 1086 5110 stoini
1103 5053 1273 5112 simillimus
1285 5055 1367 5111 locus
1382 5055 1413 5108 in
1429 5056 1442 5107 1
1455 5053 1536 5120 epist.
1548 5055 1631 5110 Pauli
1653 5057 1689 5113 od
1712 5057 1824 5116 Theseu·

119 5129 212 5185 goras.
228 5117 329 5190 ltaque
344 5137 403 5177 non
420 5123 506 5179 rediit
520 5126 599 5180 totus
615 5123 786 5197 homo,quia
807 5125 831 5180 is
848 5125 946 5181 anima
1001 5128 1057 5182 lon.
1071 5142 1135 5197 cap.
1153 5143 1190 5195 iv,
1207 5127 1285 5183 honi.
1301 5127 1320 5181 7
1336 5143 1343 5181 :
1361 5145 1372 5174 ι
1388 5124 1417 5179 bi
1433 5123 1494 5180 sint
1507 5127 1625 5194 quidem
1645 5128 1747 5202 Grani,
1772 5131 1825 5216 qui

119 5193 145 5240 at
168 5204 292 5261 corporo
325 5199 449 5250 constat.
481 5195 569 5250 Juvat
602 5196 746 5254 ascribere
769 5197 946 5253 sententiam
1001 5196 1711 5265 dahisdubitant,iisdiccmnsinnumerabilia.
1735 5205 1825 5270 Ouid·

120 5259 196 5314 aurei
210 5261 282 5326 oris,
297 5267 396 5338 magni
413 5265 492 5322 illius
508 5267 718 5340 chrysostomi.
737 5269 775 5338 Is,
791 5267 896 5325 homil.
920 5269 946 5335 l,
1002 5268 1094 5326 nain?
1108 5270 1181 5326 Sunt
1195 5271 1273 5326 enirn
1289 5269 1366 5342 apud
1381 5269 1461 5341 ipsos
1477 5269 1526 5339 qui
1544 5270 1658 5329 animas
1679 5275 1715 5330 ad
1741 5276 1827 5350 plan·

120 5328 151 5384 de
166 5335 280 5416 hesuro
297 5354 306 5392 :
325 5355 337 5386 ι
353 5339 392 5394 hd
411 5339 482 5406 hec,
499 5339 522 5395 si
541 5355 598 5394 non
615 5340 741 5412 resurgit
759 5357 875 5414 corpus,
888 5357 947 5396 non
1001 5347 1048 5400 tas
1063 5342 1224 5407 deducunt,
1241 5343 1276 5397 ad
1292 5341 1423 5405 frutices,
1439 5343 1469 5394 ct
1485 5356 1582 5399 cenes.
1597 5343 1649 5401 Die
1664 5345 1828 5423 mihi,quid

121 5406 583 5549 zgguggssmtossgffiospogmg
598 5418 727 5539 iiminmoet
751 5413 851 5540 prims
874 5412 947 5539 solz,
1003 5418 1048 5543 {st
1064 5412 1190 5484 facilius,
1208 5430 1295 5471 sunm
1311 5428 1416 5486 corpus
1433 5412 1575 5486 accipere,
1592 5430 1629 5472 un
1645 5417 1799 5480 alienum?
1813 5443 1829 5474 a

458 5525 464 5540 .
531 5501 545 5538 r
616 5501 949 5553 nascaresure,
1029 5503 1074 5541 av.

122 5544 282 5605 dimidium
305 5551 415 5609 animal
441 5499 585 5627 resurgit,
609 5559 638 5612 et
658 5554 699 5611 ita
715 5574 772 5614 noii
788 5501 949 5630 integris.
1040 5557 1095 5628 (25)
1114 5555 1145 5614 Ut
1159 5557 1255 5615 eodem
1269 5557 1406 5630 qualitas.
1423 5553 1516 5612 utiam
1537 5554 1592 5613 hoc
1616 5559 1693 5618 inter
1715 5563 1831 5619 Tertul-

122 5617 174 5672 sed
190 5623 221 5674 et
237 5619 462 5705 deanimanou
487 5627 604 5700 proprie
630 5627 739 5684 dicitur
764 5628 949 5687 resurrectio.
1004 5628 1075 5685 lieni
1098 5645 1222 5697 errores,
1271 5630 1326 5686 uod
1351 5627 1484 5684 videatur
1509 5629 1614 5686 anime
1638 5633 1763 5704 effigiem
1788 5640 1833 5692 at·

123 5685 309 5770 Resurrectio
333 5697 413 5754 enim
437 5698 500 5782 eJos
525 5703 570 5755 est
593 5699 671 5771 quod
695 5701 811 5773 cecidit,
830 5706 859 5758 et
873 5701 951 5775 quod
1005 5699 1200 5769 tribuere,eut
1214 5647 1290 5759 siffis
1305 5699 1435 5758 hominis
1451 5699 1548 5772 elligie
1562 5703 1732 5775 agitabam
1748 5710 1834 5766 caute

125 5759 305 5821 dissolutum
321 5773 377 5826 ost.
393 5771 497 5830 Anime
512 5775 611 5830 numm
627 5787 685 5830 non
701 5773 881 5846 dissolvitur,
900 5773 952 5832 sed
1006 5772 1162 5846 legendum
1187 5773 1307 5848 periodo
1332 5789 1366 5830 uc
1390 5771 1416 5827 si
1439 5770 1573 5828 videatur
1586 5790 1644 5831 non
1659 5777 1732 5836 satis
1747 5777 1834 5838 intel-

129 5847 249 5915 corpns.
269 5854 281 5888 i
296 5841 369 5901 flav.
1009 5845 1116 5907 texisse
1130 5847 1267 5906 eumdem
1282 5843 1434 5905 hominem
1449 5842 1480 5902 in
1496 5844 1598 5905 eadem
1612 5845 1710 5928 clugia
1733 5859 1833 5942 resur·

458 6057 471 6089 h
