4068 6186
203 250 264 340 c'ee
464 273 730 338 destructioni
753 273 915 336 eruebat
940 271 1040 334 esus
1053 255 1086 332 l.
1103 303 1143 318 -
1156 268 1296 333 sutelas
1317 269 1342 346 l,
1363 263 1648 330 monaciatico.
1828 275 1881 339 681

200 409 327 477 habitor,
343 406 395 480 qui
410 423 498 480 prope
512 405 712 464 Christianum
726 404 933 478 pronuntiarit,
958 421 1026 460 curn
1042 404 1068 472 Α
1085 401 1121 460 ab
1136 407 1273 460 extranca
1287 401 1427 458 adversus
1449 403 1527 467 tuos,
1545 401 1576 456 ut
1590 397 1635 456 vel
1661 400 1729 458 css
1752 400 1799 459 tibi
1824 419 1881 462 eru·

200 498 225 554 si
242 495 555 570 quidprudentiaaut
581 494 732 567 sapientie
761 493 947 562 affectaverit,
977 508 1029 549 seu
1085 491 1216 561 bescant,
1232 491 1312 564 quod
1328 506 1381 548 nos
1392 489 1429 546 ob
1444 505 1479 546 ea
1493 487 1605 546 oderint
1624 492 1653 546 et
1674 487 1814 562 irrideant,
1827 508 1884 564 qua

198 585 381 644 ceremonias
396 585 555 656 despuens,
571 601 623 642 eeu
639 582 780 642 saeculum
798 583 962 649 revincens,
979 597 1031 654 pro
1084 584 1113 636 te
1127 597 1206 638 nunc
1222 578 1370 638 consciam
1386 578 1545 636 detineant.

198 671 364 732 christiano
374 671 667 744 denotatur(7)‚lam
683 669 774 743 igitur
789 667 864 726 nibil
880 667 965 726 nobis
975 666 1032 735 erit

198 759 575 822 cumlitterisetdoctrina
598 775 738 832 perverse
762 757 923 828 felicitatis,
938 754 985 812 oui
1001 755 1030 811 in
1120 761 1186 814 Gir.
1203 757 1236 815 ll.
1253 757 1316 815 Non
1342 753 1503 829 placemus,
1532 753 1687 811 Dominum
1715 755 1889 828 predicantes

199 853 273 912 ialeo
289 851 386 926 potius
401 849 530 906 creditur
543 849 564 920 ¹,
581 865 669 920 quam
686 846 716 902 in
738 862 815 904 vero.
845 845 980 902 Viderint
1006 837 1031 900 ai
1085 845 1141 904 boc
1156 844 1372 904 nomineuuico
1387 844 1517 912 unicum,
1544 861 1562 900 a
1581 859 1638 916 quo
1666 845 1770 912 omnia,
1796 851 1822 900 ct
1840 847 1888 903 sub

199 945 250 1016 qui
266 945 301 1000 de
318 941 403 998 unico
416 945 445 996 et
459 937 521 996 solo
531 943 586 994 Deo
602 936 947 1009 pronuntiaverunt.lmo
958 932 1032 991 nibil
1086 937 1163 1009 quod
1180 936 1324 993 universa.
1338 935 1388 990 Dic
1403 932 1606 991 testimonium
1622 933 1645 990 si
1657 933 1696 990 ita
1710 937 1889 992 scis.Namte
2003 991 2004 1008 ,

199 1034 456 1090 omninorelatum
479 1029 523 1096 fit,
556 1028 634 1100 qnod
664 1031 806 1099 agnoscat
834 1025 1029 1094 Christianus,
1084 1025 1425 1098 quoquepalamettota
1448 1021 1592 1090 libertate,
1623 1039 1680 1095 qua
1703 1023 1726 1058 ¹¹
1753 1039 1805 1080 non
1831 1023 1890 1081 licet
2003 1019 2004 1082 l

199 1125 277 1180 eto
292 1138 329 1180 ne
342 1121 517 1192 exprobrare
535 1117 637 1190 possit.
655 1117 729 1172 Nam
754 1116 876 1189 etquod
905 1113 1030 1170 relatum
1084 1113 1181 1182 uobis,
1210 1115 1289 1171 domi
1313 1131 1347 1171 ac
1375 1113 1446 1170 loris
1474 1112 1613 1169 audimus
1639 1112 1680 1168 iia
1705 1113 1891 1185 pronuntiare.
2003 1139 2004 1170 i

197 1217 243 1270 est
264 1213 297 1280 ¹¹,
318 1225 412 1281 neque
439 1223 541 1264 omnes
570 1205 807 1276 sciunt3neque
837 1202 889 1275 qui
920 1202 1030 1280 sciunt,
1084 1201 1164 1268 Quod
1180 1203 1258 1260 Deus
1273 1203 1396 1273 dederit,
1411 1205 1450 1268 et,
1464 1199 1494 1258 Si
1518 1199 1596 1256 Deus
1620 1198 1752 1267 voluerit,
1775 1217 1808 1258 ca
1831 1217 1891 1259 voce

196 1305 332 1359 constare
340 1297 502 1355 conlidunt.
518 1298 610 1350 'lanto
623 1294 643 1330 ¹¹
661 1293 744 1350 abest
756 1301 788 1349 ut
804 1291 912 1350 nostris
923 1290 1030 1349 litteris
1083 1297 1112 1349 et
1122 1293 1250 1364 aliquem
1266 1308 1330 1350 esse
1345 1291 1506 1365 significas,
1522 1297 1550 1346 et
1565 1305 1684 1346 omnem
1701 1288 1745 1345 illi
1759 1288 1892 1347 confiteris

196 1393 328 1448 annuant
343 1384 611 1454 homines,adquoe
623 1381 800 1439 nemovenit
812 1379 1028 1453 nisijamchri·
1083 1385 1269 1454 potestatem,
1285 1381 1321 1437 ad
1337 1383 1422 1452 cujus
1438 1384 1553 1450 spectas
1564 1377 1754 1449 voluntatem,
1774 1377 1893 1435 simulet

196 1475 436 1536 stianus.Novum
450 1470 656 1529 testimonium
667 1470 847 1540 advoco,imo
858 1469 1027 1525 omnilitie-
1082 1475 1202 1528 caeteros
1213 1486 1303 1543 negas
1319 1472 1389 1526 deos
1403 1484 1478 1540 esse,
1495 1469 1566 1525 dum
1582 1467 1646 1524 auis
1667 1465 1814 1524 vocabulis
1826 1484 1892 1523 nuo·
2003 1471 2004 1480 ’

194 1558 1028 1632 raturanotius,omnidoctrinsagitatius‚omnieditione
1082 1574 1183 1631 cupas,
1220 1558 1392 1624 Saturnum,
1423 1557 1535 1622 lovem,
1575 1556 1707 1624 Martem,
1736 1555 1892 1613 Minervam.
2003 1563 2004 1634 ,

2003 1637 2004 1664 l

192 1654 418 1730 vulgatissimo
434 1650 555 1707 bomine
569 1649 677 1721 majus,
689 1646 719 1703 id
739 1646 1027 1718 esttotumquodeat
1080 1647 1154 1704 Nam
1167 1647 1190 1683 ¹⁸
1204 1647 1300 1704 solum
1310 1651 1401 1704 Deum
1416 1647 1676 1718 confirmas,quem
1687 1644 1893 1703 tantumlleum

193 1743 335 1802 hominis.
351 1741 485 1798 Consiste
500 1739 531 1794 in
546 1737 655 1805 medio,
681 1734 780 1793 anima
795 1735 845 1806 (8),
860 1751 911 1791 seu
927 1734 1027 1790 divina
1079 1737 1224 1806 nominas,
1241 1742 1273 1793 ut
1287 1741 1317 1792 ot
1331 1753 1398 1792 curn
1422 1735 1489 1792 illos
1501 1733 1652 1792 interdum
1672 1735 1743 1790 deos
1764 1731 1893 1806 appellas,

194 1839 224 1891 et
235 1838 343 1890 sterne
359 1847 405 1887 res
428 1845 460 1886 es
476 1826 640 1884 secundum
654 1822 753 1896 plures
769 1823 970 1897 philosophos,
986 1839 1020 1879 ao
1080 1824 1116 1881 de
1131 1825 1226 1883 alieno
1241 1830 1269 1884 et
1285 1824 1371 1898 quasi
1387 1841 1437 1898 pro
1452 1827 1557 1882 mutuo
1573 1840 1627 1880 usa
1641 1822 1778 1880 videaris.
1793 1821 1830 1878 lle
1848 1838 1893 1877 ns·

195 1921 291 1994 magis
306 1937 363 1976 non
376 1917 522 1974 mentiens
539 1915 572 1980 ¹¹,
602 1929 653 1970 seu
678 1912 801 1968 minime
819 1911 928 1982 divina,
954 1927 1021 1984 quo·
1077 1917 1145 1971 tura
1158 1931 1275 1988 quoque
1289 1913 1340 1971 liei
1356 1930 1443 1987 quem
1458 1913 1480 1948 ¹¹
1497 1913 1757 1986 predicamus,nec
1774 1916 1800 1968 te
1814 1910 1892 1966 latet:

194 2009 409 2081 uiamquidem
426 2002 570 2074 mortalis,
601 2006 633 2058 ut
660 2001 784 2073 Epicuro
812 2000 867 2058 soli
895 1999 1021 2071 videtur,
1075 2003 1153 2060 Deus
1169 2005 1324 2060 bonusest
1348 2004 1381 2070 ¹¹,
1406 2003 1482 2060 licus
1498 2000 1655 2070 benefacit,
1684 2006 1736 2057 tua
1764 2017 1815 2057 vox
1839 2005 1889 2056 cst.

194 2115 228 2155 eo
243 2096 338 2170 magis
357 2095 396 2169 (9)
410 2091 528 2151 mentiri
552 2107 610 2148 non
627 2088 747 2146 debebis
764 2089 796 2160 ¹¹,
820 2106 873 2146 ssu
899 2089 935 2146 de
950 2087 1021 2146 cmlo
1074 2092 1165 2149 Plane
1178 2109 1213 2150 es
1228 2092 1310 2161 dicis,
1326 2093 1377 2148 sed
1401 2091 1489 2148 homo
1502 2091 1598 2148 malus
1614 2089 1729 2147 scilicet
1740 2090 1774 2161 ¹¹,
1789 2093 1895 2146 contra·

194 2184 405 2258 exciperis‚seu
421 2183 457 2240 de
472 2187 548 2238 terra
563 2178 737 2252 conciperis,
745 2195 797 2235 seu
812 2177 953 2245 numeris,
970 2195 1020 2234 seu
1075 2181 1120 2238 ria
1133 2182 1330 2254 propositione
1346 2179 1464 2253 oblique
1480 2186 1509 2236 et
1533 2179 1698 2253 figuraliter
1712 2178 1896 2252 exprobrans,

192 2274 300 2332 atomis
322 2269 520 2338 vossssinnflritv
535 2285 588 2326 ⁸0¹¹
605 2283 673 2324 ⁰¹¹¹
687 2281 808 2340 ⁰⁰¹1³⁰¹0
834 2265 978 2339 imiteris
989 2267 1021 2334 ¹⁸.
1074 2271 1140 2328 ideo
1156 2269 1266 2327 malum
1280 2270 1441 2342 bominem,
1456 2268 1526 2342 quia
1549 2269 1640 2326 olleo
1657 2270 1734 2326 bono
1756 2267 1895 2324 abscesse-

194 2381 245 2422 seu
262 2367 329 2435 post
341 2376 449 2434 corpus
460 2357 620 2424 induceris,
638 2356 715 2412 unde
731 2357 808 2412 unde
823 2355 845 2392 ¹¹
860 2361 889 2412 et
904 2372 1020 2428 quoquo
1075 2359 1123 2416 rit.
1140 2359 1234 2416 Etiam
1258 2359 1336 2431 quod
1363 2374 1452 2431 penes
1463 2358 1554 2415 baum
1571 2358 1715 2414 bonitatis
1731 2361 1761 2413 et
1773 2354 1896 2426 benigni·

193 2451 281 2512 inodo
295 2449 446 2508 bemineru
467 2447 536 2504 lacis
565 2443 676 2502 animal
704 2443 856 2513 rationale,
872 2459 978 2501 sensus
992 2449 1022 2502 ct
1073 2447 1143 2506 tatis
1156 2448 1251 2505 omnis
1266 2447 1429 2504 benedictio
1442 2447 1518 2504 inter
1532 2463 1585 2504 nos
1600 2463 1758 2503 summum
1769 2442 1895 2504 sitdisci-

194 2541 324 2600 scientis
345 2537 584 2612 capacissimum.
616 2534 672 2592 Sed
698 2550 756 2590 non
769 2549 834 2589 eam
858 2537 886 2589 te
901 2535 1020 2605 advoco,
1074 2536 1200 2610 plinaet
1213 2536 1443 2594 conversationis
1457 2540 1689 2604 enarmonium,
1707 2534 1858 2592 Benedicat
1871 2537 1896 2612 te

195 2645 260 2703 qua
275 2627 384 2686 sobolis
399 2626 535 2691 formata,
559 2621 746 2681 bibliothecis
774 2621 940 2695 exercitata,
957 2625 1046 2680 acs·'
1075 2630 1234 2697 nauatam
1259 2624 1344 2682 iacile
1368 2625 1553 2697 pronuntias,
1578 2640 1670 2696 quam
1687 2624 1711 2659 ¹¹
1740 2623 1896 2680 Christiano

194 2716 300 2774 demiis
317 2717 340 2754 ¹¹
354 2720 382 2772 et
397 2713 558 2786 porticibus
574 2711 662 2768 attici
676 2715 791 2784 partam
809 2711 830 2746 ¹¹
845 2709 1020 2784 sapientiam
1074 2718 1263 2772 necesseest.
1280 2717 1395 2770 licum
1411 2713 1434 2750 ¹⁸
1449 2713 1478 2770 in
1508 2713 1703 2771 maledictum
1718 2715 1740 2750 ¹¹
1761 2711 1897 2770 convertis

195 2810 296 2862 ructas
308 2804 339 2863 ¹¹.
354 2804 393 2861 Te
405 2801 571 2874 simplicem
586 2805 616 2858 at
639 2800 742 2856 rudem
765 2803 794 2856 et
814 2797 978 2872 impolitam
992 2806 1022 2858 et
1075 2802 1305 2860 benedictionem
1330 2801 1391 2870 Dei,
1421 2801 1541 2876 perinde
1569 2802 1649 2858 dicto
1679 2819 1798 2858 ornnem
1817 2815 1897 2873 super

194 2893 345 2952 idioticam
356 2890 509 2964 compello,
525 2887 642 2964 qualem
658 2889 680 2924 ¹¹
694 2885 805 2945 habent
815 2887 866 2960 qui
881 2895 909 2945 te
926 2887 1019 2947 solam
1074 2907 1129 2949 nos
1144 2895 1319 2965 potestatem
1335 2892 1399 2963 ejus
1413 2892 1573 2948 consistere
1587 2892 1757 2949 secundum
1773 2907 1897 2948 noscen-

195 2981 315 3052 babent,
345 2979 425 3038 illam
454 2981 549 3052 ipsam
579 2978 614 3036 de
638 2976 776 3050 compito,
805 2976 841 3032 de
868 2976 964 3049 trivio,
985 2978 1021 3035 de
1074 2980 1176 3038 literis.
1191 2984 1276 3053 Sunt,
1291 2981 1340 3052 qui
1356 2980 1412 3037 etsi
1427 2980 1520 3038 Deum
1536 2997 1594 3037 non
1609 2981 1634 3017 ²¹
1654 2985 1774 3053 negent,
1790 2981 1897 3052 dispec-

193 3071 319 3130 textrino
332 3067 591 3142 totamlmperitia
614 3071 666 3123 tua
689 3064 761 3121 mihi
780 3081 854 3138 opus
869 3073 922 3134 est,
946 3082 1017 3138 quo·
1075 3074 1167 3126 torem
1185 3071 1270 3142 plane
1285 3073 1315 3126 et
1327 3068 1471 3126 arbitrum
1487 3075 1516 3126 et
1539 3071 1674 3142 judicem
1705 3087 1765 3128 non
1782 3073 1897 3143 putent:

194 3161 276 3220 niam
305 3157 495 3231 aliquantula
511 3156 621 3229 peritia
649 3159 706 3212 tua
741 3170 827 3210 nemo
854 3155 956 3211 credit.
981 3146 1056 3214 nac
1075 3158 1105 3215 in
1117 3158 1350 3231 quoutiquenos
1365 3157 1490 3214 maxime
1506 3159 1656 3229 rejiciunt,
1674 3159 1748 3232 quid
1764 3159 1799 3214 sd
1814 3156 1894 3212 istam

193 3245 356 3324 expostulo,
382 3250 555 3319 quatecum
584 3242 615 3300 in
635 3241 1020 3316 bominem¹⁰inlers,quo
1074 3247 1260 3319 disciplinam
1278 3251 1356 3303 metu
1372 3246 1520 3320 praedicati
1539 3247 1646 3318 ludicii
1661 3245 1898 3310 transvolamus;
2003 3281 2004 3302 i

194 3342 246 3395 sut
260 3353 295 3394 ex
310 3334 474 3406 temetipsa,
499 3337 550 3390 aut
564 3341 598 3390 etr
624 3347 801 3404 quocunque
828 3335 946 3388 auctore
969 3337 1019 3390 tuo
1074 3335 1118 3392 sic
1133 3337 1223 3392 ileum
1236 3335 1412 3392 honorantes
1433 3335 1466 3402 ³⁰,
1482 3334 1553 3390 dum
1582 3336 1664 3392 curis
1680 3331 1898 3398 observationis,

195 3425 305 3484 sentire
326 3421 465 3480 didicisti.
482 3422 545 3478 Non
558 3437 600 3490 cs,
617 3421 694 3493 quod
710 3420 814 3486 sciam,
830 3418 1017 3491 Christiana;
1073 3427 1103 3481 et
1114 3422 1257 3481 molestiis
1268 3423 1532 3481 animadversionis
1547 3423 1772 3493 absolvunt,cul
1787 3422 1900 3480 aeirem
2003 3427 2004 3452 ¹

196 3514 260 3572 lieri
285 3511 377 3582 enim,
407 3527 465 3568 nen
494 3511 577 3567 nasci
598 3507 674 3566 solet
699 3509 721 3544 ¹¹
759 3507 925 3565 Christiana
950 3509 1017 3581 (10).
1074 3511 1193 3585 quidem
1208 3513 1286 3570 ⁰12
1308 3513 1364 3587 (13)
1392 3513 1555 3571 ascribunt.
1580 3513 1657 3571 Nam
1687 3513 1715 3570 si
1745 3518 1821 3570 oeus
1847 3511 1899 3583 (in-

196 3607 305 3662 'l'amen
317 3615 423 3658 nunoa
436 3604 466 3657 te
480 3597 683 3657 testimonium
698 3595 833 3671 flagitant
847 3596 1017 3668 Christiani,
1074 3601 1191 3675 quiunt)
1218 3601 1365 3675 irascitur,
1394 3601 1595 3676 corruptibilis
1619 3608 1649 3660 et
1668 3601 1849 3677 passionalis
1861 3601 1902 3656 est
2003 3647 2004 3690 ἐ

899 3723 1001 3786 Variae
1027 3724 1187 3790 lectiones.

241 3833 338 3890 ’Cum
354 3831 384 3888 in
400 3829 473 3888 ialso
488 3830 552 3903 eius
568 3826 697 3884 creditur
708 3828 761 3885 Vst.
778 3827 842 3884 Cori.
858 3829 966 3956 Rigalt.
984 3831 1007 3866 ¹⁰
1018 3829 1153 3889 Relatum
1170 3833 1209 3889 sit
1222 3799 1286 3891 lun.
1302 3834 1404 3906 Ripalt.
1427 3837 1449 3872 ¹¹
1463 3837 1588 3889 Tantum
1617 3837 1692 3891 iun.
1722 3835 1746 3872 ¹²
1771 3829 1912 3890 Mentieris

204 3906 297 3962 botin.
312 3913 340 3961 st
355 3905 510 3959 diaconias.
525 3902 548 3940 ¹⁸
563 3901 675 3956 Dabana
693 3900 798 3957 Wosvw.
816 3901 887 3972 ilipa
913 3941 919 3955 .
937 3901 959 3936 ¹¹
979 3901 1119 3975 luciperis
1142 3905 1206 3960 lun.
1224 3905 1331 3976 incipis
1354 3908 1417 3976 ltin.
1443 3906 1466 3942 ¹¹
1493 3907 1565 3961 lade
1592 3907 1656 3978 etp.
1682 3907 1705 3943 ¹¹
1733 3903 1909 3963 Academicis
2003 3935 2004 3942 r

202 3977 295 4034 Paris.
312 3975 334 4013 ¹⁷
350 3975 436 4030 Peste
450 3975 510 4045 Rip.
529 3973 549 4010 ¹¹
567 3973 685 4027 ilrnctas
703 3972 804 4027 Woaw.
822 3971 845 4007 ¹¹
858 3971 899 4027 ‘l'c
912 3971 975 4026 odd.
1003 3977 1038 4028 lit
1061 4016 1068 4033 .
1093 3977 1115 4012 ¹¹
1143 3975 1252 4032 Tecum
1284 3977 1395 4032 bomini
1426 3978 1486 4048 liis.
1515 3975 1631 4033 ¹¹Soles
1662 3977 1776 4036 Wouw.
1809 3977 1866 4046 liip.
1891 3972 1911 4008 ¹¹

203 4048 277 4116 Ouia
292 4047 350 4119 llip.
367 4047 390 4082 ²¹
406 4046 478 4102 Nam
494 4045 569 4101 obest
585 4046 646 4114 lito.
663 4043 686 4078 ¹¹
701 4043 792 4108 Onam
810 4043 870 4110 trip.
886 4043 908 4080 ¹¹
922 4041 1021 4101 Bonus
1032 3993 1090 4118 lisy.
1104 4047 1128 4083 ¹¹
1144 4047 1230 4102 Plane
1246 4048 1358 4103 addicis
1374 4065 1381 4104 ι
1397 4049 1447 4102 sed
1465 4051 1552 4102 bomo
1567 4047 1667 4103 malus
1692 4067 1700 4114 ;
1717 4049 1834 4104 scilicet
1856 4047 1909 4112 stc.

201 4121 224 4156 ¹¹
239 4117 412 4184 Christiane,
429 4118 491 4174 olii.
507 4116 529 4152 ¹¹
544 4117 639 4183 Quum
657 4115 687 4170 in
703 4113 892 4170 maledictum
909 4118 1056 4175 convertis
1072 4119 1303 4175 benedictionem
1329 4119 1375 4175 Dei
1401 4121 1466 4176 iuvi.
1487 4121 1546 4191 llio.
1570 4119 1600 4174 in
1616 4121 1699 4177 obest
1725 4121 1786 4177 bot.
1804 4121 1912 4180 tmere.-
2003 4125 2004 4158 ¹

201 4191 289 4320 lilaea.
304 4194 385 4319 §aaa
402 4191 432 4246 et
446 4188 517 4244 Sem.
534 4188 605 4258 lepp.
622 4202 688 4243 cum
704 4185 733 4241 id
750 4183 943 4242 maledictum
960 4190 1107 4247 convertis
1122 4193 1151 4246 in
1173 4190 1407 4247 benedictionem
1424 4190 1473 4246 Dei
1489 4191 1512 4228 ¹¹
1527 4195 1640 4264 Negant
1667 4193 1731 4264 asp.
1753 4193 1778 4230 ⁸¹
1791 4191 1911 4248 lobono-

201 4279 255 4320 ran
286 4278 300 4319 s
333 4278 384 4317 a.
1123 4289 1125 4292 ·

904 4353 1165 4419 Commentarius.

231 4463 271 4536 (7)
281 4463 441 4520 lienotetsr.
457 4461 516 4517 lice
531 4461 652 4517 verbum
682 4457 730 4514 bic
744 4464 772 4513 et
800 4472 878 4529 serpo
902 4456 975 4515 alias
991 4460 1021 4517 in
1037 4468 1060 4531 [)
1074 4464 1111 4519 ad
1127 4479 1214 4534 quem
1226 4464 1347 4520 niinime
1362 4464 1500 4537 pertines.
1518 4464 1583 4521 ltro.

197 4533 306 4591 malam
322 4539 433 4606 partem
452 4532 590 4588 sumitur.
608 4531 801 4602 Hieronymus
824 4528 861 4584 de
884 4537 1021 4602 suspecto
1112 4535 1168 4604 (11))
1181 4540 1242 4592 lion
1264 4539 1340 4592 nasci
1367 4537 1436 4593 soles
1463 4536 1635 4594 carotidas.
1666 4537 1782 4592 Anima
1805 4531 1911 4592 seilicet

197 4605 406 4662 contubernio:
427 4625 437 4654 ι
454 4609 513 4661 llos
528 4609 700 4660 cunctorum
712 4601 796 4675 digiti
809 4601 1020 4675 denotabunt»
1075 4621 1128 4677 per
1142 4607 1229 4664 fidem
1245 4616 1442 4678 regeneratur,
1458 4608 1545 4664 sicuti
1561 4623 1689 4700 corpora
1703 4625 1723 4664 a
1741 4605 1910 4680 parentibus

196 4677 227 4735 id
241 4684 287 4735 est
304 4677 499 4734 infamabunt.
516 4675 581 4731 Lac.
1075 4685 1264 4747 generantur,
1279 4686 1313 4736 'ut
1329 4678 1415 4736 habat
1429 4679 1542 4735 Ceteris.
1561 4681 1587 4744 1,
1609 4679 1744 4747 cyrillus
1770 4673 1906 4734 lilercaol.
2003 4675 2004 4696 ¹

231 4748 270 4834 (8)
291 4748 412 4805 Consiste
433 4750 463 4804 in
488 4746 718 4830 mediononimc.
749 4743 955 4816 Prosopopoeia
982 4747 1018 4801 ad
1075 4748 1273 4806 Tertullianus
1301 4753 1364 4823 ipse
1392 4751 1465 4807 dixit
1492 4751 1521 4807 in
1541 4751 1654 4819 Apolop.
1682 4767 1711 4808 c.
1735 4750 1795 4806 18:
1820 4750 1908 4816 Fiunt,

192 4835 334 4886 animam,
350 4838 367 4878 a
381 4837 441 4893 qua
454 4825 656 4876 testimonium
686 4817 826 4872 adversus
848 4821 952 4886 gentes
967 4817 1019 4874 de·
1072 4826 1293 4878 accomodatur
1315 4823 1479 4886 donationi,
1507 4838 1571 4894 qua
1591 4821 1685 4879 verba
1707 4820 1868 4892 exscripsit
1879 4819 1907 4873 Β.

190 4892 343 5018 βοεοίῌη
366 4891 581 5019 ((11αέ1τεί111,
611 4904 705 4960 neque
730 4888 766 4944 ad
793 4888 882 4942 linem
912 4891 1016 4960 oapi.
1073 4890 1278 4965 Hieronymus,
1294 4892 1496 4963 habenturque
1517 4896 1595 4964 epist.
1615 4894 1657 4948 od
1688 4897 1813 4950 Lartem.
1830 4891 1907 4948 Mitto
2003 4943 2004 4952 ,

218 4965 295 5021 arias
310 4970 419 5033 autem,
457 4963 596 5034 equibus
613 4959 660 5015 bic
686 4957 927 5040 paucis,·llpicuri
945 4961 1016 5017 alio·
1072 4963 1119 5020 hic
1135 4967 1279 5036 quosdam
1294 4965 1478 5034 laceraretur,
1497 4980 1565 5030 non,
1579 4964 1649 5020 soka
1667 4963 1711 5020 La
1725 4963 1779 5021 Pa.

190 5029 744 5109 rumquepbilosophorumdeanima
765 5047 781 5085 o
806 5029 1014 5088 mroneslatis·
1106 5035 1163 5107 (11)
1179 5041 1241 5093 lton
1254 5037 1403 5106 placemus,
1434 5041 1530 5093 Deum.
1562 5035 1712 5108 Rigaltius
1739 5030 1909 5103 Deumlegit

189 5107 265 5164 sime
280 5111 413 5163 recenset
426 5105 502 5162 inira
517 5104 568 5160 lib.
599 5102 632 5158 de
658 5103 763 5156 anime.
815 5116 848 5155 oo
878 5117 970 5158 unum
985 5104 1015 5160 id
1070 5108 1292 5174 companatio,
1314 5125 1380 5165 eum
1397 5113 1496 5164 mmen
1526 5108 1832 5165 Lacerdailominrvm
1859 5103 1907 5159 ba·
2003 5135 2004 5156 1

189 5178 298 5244 dicam,
314 5177 444 5233 nondum
462 5191 528 5232 cum
550 5174 612 5229 beo
640 5171 790 5237 scriberet,
807 5169 897 5227 luisse
908 5174 1013 5232 Aucto·
1070 5178 1147 5242 beat.
1164 5195 1309 5251 suamque
1323 5179 1476 5237 lectionem
1503 5193 1538 5236 ex
1553 5179 1711 5238 codicibus
1738 5177 1856 5252 probat,
1881 5177 1908 5230 at

189 5263 250 5306 rem
265 5249 295 5304 in
310 5263 408 5304 errore
421 5250 457 5305 de
472 5246 571 5302 anima
586 5244 707 5300 traduce
721 5249 772 5300 aut
786 5249 1014 5313 corporeapssr.
1068 5247 1141 5307 locis
1158 5251 1230 5308 bene
1246 5249 1348 5308 multis
1363 5252 1472 5324 quibus
1483 5250 1587 5306 utitur.
1604 5251 1642 5307 La
1657 5254 1715 5306 Pa.

224 5319 263 5392 (9)
279 5321 320 5375 Eo
333 5320 421 5390 mcpis
436 5317 549 5374 mentiri
562 5333 616 5373 non
644 5314 755 5396 debens.
785 5314 816 5368 ln
840 5315 1013 5388 examplari·
1103 5321 1159 5392 (12)
1176 5323 1210 5378 At
1222 5339 1286 5378 cum
1299 5324 1330 5378 io
1344 5324 1534 5380 vnabdictum.
1559 5321 1714 5379 Pamelius
1731 5320 1823 5378 babet
1839 5329 1905 5389 per·

187 5389 244 5447 bus
259 5388 376 5462 legitur,
389 5393 453 5473 don
481 5388 600 5445 debebis.
630 5394 767 5441 Animam
791 5385 964 5470 compellat:
982 5390 1012 5445 Si
1067 5407 1167 5464 persto
1184 5408 1191 5449 :
1207 5414 1223 5443 v
1239 5397 1273 5448 it
1287 5409 1355 5450 cum
1370 5395 1400 5451 id
1417 5393 1606 5451 maledicium
1619 5395 1776 5450 convertis
1802 5392 1833 5446 in
1858 5388 1906 5443 be·

187 5461 419 5533 divinainqurt.
438 5463 590 5518 elaeletna
619 5475 665 5514 res
693 5473 736 5519 es.
767 5470 801 5512 eo
831 5473 925 5530 magis
953 5477 1010 5516 non
1067 5463 1717 5538 nedictionemltoi,»perperam,inquam;
1745 5475 1905 5520 namucn-

187 5533 334 5601 mentiris,
366 5549 434 5590 cum
459 5533 499 5586 sit
527 5537 612 5602 turpe
639 5527 837 5598 etindignum
852 5527 1010 5588 Dsomen·
1065 5551 1154 5606 quam
1173 5536 1321 5604 precessit
1358 5537 1557 5604 maledictum,
1579 5541 1613 5592 ut
1649 5540 1742 5594 notat
1772 5533 1903 5600 Latinus,
2003 5521 2004 5598 J

186 5605 314 5662 dacium.
331 5603 361 5662 Si
376 5603 608 5661 minimedivina
622 5617 668 5658 res
683 5615 774 5669 es,.eo
790 5599 882 5665 massis
893 5604 1011 5660 mentiri
1064 5608 1150 5662 cu'us
1164 5611 1208 5662 est
1223 5605 1410 5680 lecti03qusm
1425 5625 1541 5682 aequor.
1557 5607 1623 5664 Lao.

187 5693 246 5736 non
260 5678 359 5745 debes,
371 5682 404 5735 ut
417 5675 617 5734 testimonium
644 5674 726 5730 dicas
747 5687 777 5727 m
799 5675 923 5742 gratiam
947 5675 1008 5746 liei,
1112 5677 1155 5750 13)
1171 5679 1225 5737 cut
1239 5695 1274 5736 ne
1287 5681 1362 5737 iram
1376 5681 1500 5756 quidem.
1516 5677 1660 5738 Fortassis
1677 5675 1738 5736 hoc
1764 5677 1803 5736 ad
1827 5689 1902 5733 srro-
