<?xml version="1.0" encoding="UTF-8"?>
<!DOCTYPE html PUBLIC "-//W3C//DTD XHTML 1.0 Transitional//EN"
    "http://www.w3.org/TR/xhtml1/DTD/xhtml1-transitional.dtd">
<html xmlns="http://www.w3.org/1999/xhtml" xml:lang="en" lang="en">
 <head>
  <title>
</title>
<meta http-equiv="Content-Type" content="text/html;charset=utf-8" />
  <meta name='ocr-system' content='tesseract 3.04.00' />
  <meta name='ocr-capabilities' content='ocr_page ocr_carea ocr_par ocr_line ocrx_word'/>
</head>
<body>
  <div class='ocr_page' id='page_1' title='image "./patrologiaecurs98unkngoog_0631.png"; bbox 0 0 4134 6184; ppageno 0'>
   <div class='ocr_carea' id='block_1_1' title="bbox 247 276 1915 355">
    <p class='ocr_par' dir='ltr' id='par_1_1' title="bbox 247 276 1915 355">
     <span class='ocr_line' id='line_1_1' title="bbox 247 276 1915 355; baseline 0.007 -11"><span class='ocrx_word' id='word_1_1' title='bbox 247 281 324 344; x_wconf 80' lang='lat' dir='ltr'><strong><em>llhl</em></strong></span> <span class='ocrx_word' id='word_1_2' title='bbox 526 277 793 342; x_wconf 75' lang='lat' dir='ltr'><strong><em>nonantulam</em></strong></span> <span class='ocrx_word' id='word_1_3' title='bbox 813 276 977 346; x_wconf 72' lang='lat' dir='ltr'>OPERUM</span> <span class='ocrx_word' id='word_1_4' title='bbox 1000 278 1099 342; x_wconf 80' lang='lat' dir='ltr'>PARS</span> <span class='ocrx_word' id='word_1_5' title='bbox 1121 276 1354 344; x_wconf 76' lang='grc' dir='ltr'><strong>1.-811111Ε8</strong></span> <span class='ocrx_word' id='word_1_6' title='bbox 1376 279 1414 355; x_wconf 90' lang='lat' dir='ltr'><strong><em>ll,</em></strong></span> <span class='ocrx_word' id='word_1_7' title='bbox 1437 279 1675 346; x_wconf 74' lang='lat' dir='ltr'><strong><em>DOGMATIGA.</em></strong></span> <span class='ocrx_word' id='word_1_8' title='bbox 1850 293 1915 355; x_wconf 71' lang='lat' dir='ltr'><strong><em>libi</em></strong></span> 
     </span>
    </p>
   </div>
   <div class='ocr_carea' id='block_1_2' title="bbox 244 407 1919 667">
    <p class='ocr_par' dir='ltr' id='par_1_2' title="bbox 244 407 1919 667">
     <span class='ocr_line' id='line_1_2' title="bbox 244 407 1918 494; baseline 0.004 -25"><span class='ocrx_word' id='word_1_9' title='bbox 244 414 405 474; x_wconf 74' lang='lat' dir='ltr'><strong><em>oratiam</em></strong></span> <span class='ocrx_word' id='word_1_10' title='bbox 431 409 613 478; x_wconf 82' lang='lat' dir='ltr'><strong><em>Dmninicam,</em></strong></span> <span class='ocrx_word' id='word_1_11' title='bbox 641 409 748 482; x_wconf 89' lang='lat' dir='ltr'><strong><em>primus</em></strong></span> <span class='ocrx_word' id='word_1_12' title='bbox 776 410 900 465; x_wconf 88' lang='lat' dir='ltr'><strong><em>omnium</em></strong></span> <span class='ocrx_word' id='word_1_13' title='bbox 929 423 998 482; x_wconf 81' lang='lat' dir='ltr'><strong><em>quos</em></strong></span> <span class='ocrx_word' id='word_1_14' title='bbox 1018 409 1183 480; x_wconf 76' lang='lat' dir='ltr'><strong><em>noverimus,</em></strong></span> <span class='ocrx_word' id='word_1_15' title='bbox 1205 407 1353 481; x_wconf 86' lang='lat' dir='ltr'><strong><em>Septimius</em></strong></span> <span class='ocrx_word' id='word_1_16' title='bbox 1366 419 1461 468; x_wconf 79' lang='lat' dir='ltr'><strong><em>meter</em></strong></span> <span class='ocrx_word' id='word_1_17' title='bbox 1485 413 1638 470; x_wconf 73' lang='lat' dir='ltr'><strong><em>luculenter</em></strong></span> <span class='ocrx_word' id='word_1_18' title='bbox 1659 415 1782 488; x_wconf 73' lang='lat' dir='ltr'><strong><em>replicat,</em></strong></span> <span class='ocrx_word' id='word_1_19' title='bbox 1804 420 1829 474; x_wconf 92' lang='lat' dir='ltr'><strong><em>in</em></strong></span> <span class='ocrx_word' id='word_1_20' title='bbox 1849 437 1918 494; x_wconf 74' lang='lat' dir='ltr'><strong><em>soom</em></strong></span> 
     </span>
     <span class='ocr_line' id='line_1_3' title="bbox 244 497 1917 576; baseline 0.004 -17"><span class='ocrx_word' id='word_1_21' title='bbox 244 505 327 559; x_wconf 86' lang='lat' dir='ltr'><strong><em>totius</em></strong></span> <span class='ocrx_word' id='word_1_22' title='bbox 342 500 489 568; x_wconf 78' lang='lat' dir='ltr'><strong><em>hoanpclii</em></strong></span> <span class='ocrx_word' id='word_1_23' title='bbox 501 499 660 556; x_wconf 87' lang='lat' dir='ltr'><strong><em>doctrinam</em></strong></span> <span class='ocrx_word' id='word_1_24' title='bbox 674 497 749 554; x_wconf 86' lang='lat' dir='ltr'><strong><em>notul</em></strong></span> <span class='ocrx_word' id='word_1_25' title='bbox 763 499 793 553; x_wconf 91' lang='lat' dir='ltr'><strong><em>in</em></strong></span> <span class='ocrx_word' id='word_1_26' title='bbox 816 499 962 571; x_wconf 85' lang='lat' dir='ltr'><strong><em>enjusdam</em></strong></span> <span class='ocrx_word' id='word_1_27' title='bbox 987 497 1141 570; x_wconf 79' lang='lat' dir='ltr'><em>compendii</em></span> <span class='ocrx_word' id='word_1_28' title='bbox 1154 498 1264 570; x_wconf 87' lang='lat' dir='ltr'><strong><em>speculo</em></strong></span> <span class='ocrx_word' id='word_1_29' title='bbox 1276 497 1423 555; x_wconf 88' lang='lat' dir='ltr'><strong><em>collectam</em></strong></span> <span class='ocrx_word' id='word_1_30' title='bbox 1437 501 1547 559; x_wconf 75' lang='lat' dir='ltr'><strong><em>exbibet</em></strong></span> <span class='ocrx_word' id='word_1_31' title='bbox 1556 519 1568 566; x_wconf 91' lang='grc'><strong><em>,·</em></strong></span> <span class='ocrx_word' id='word_1_32' title='bbox 1582 503 1664 560; x_wconf 86' lang='lat' dir='ltr'><strong><em>multi</em></strong></span> <span class='ocrx_word' id='word_1_33' title='bbox 1676 509 1731 576; x_wconf 88' lang='lat' dir='ltr'><strong><em>post</em></strong></span> <span class='ocrx_word' id='word_1_34' title='bbox 1744 521 1799 562; x_wconf 88' lang='lat' dir='ltr'><strong><em>cun</em></strong></span> <span class='ocrx_word' id='word_1_35' title='bbox 1812 511 1917 566; x_wconf 87' lang='lat' dir='ltr'><strong><em>eamden</em></strong></span> 
     </span>
     <span class='ocr_line' id='line_1_4' title="bbox 246 585 1919 667; baseline 0.004 -19"><span class='ocrx_word' id='word_1_36' title='bbox 246 593 343 648; x_wconf 86' lang='lat' dir='ltr'><strong><em>tritam</em></strong></span> <span class='ocrx_word' id='word_1_37' title='bbox 358 589 478 645; x_wconf 78' lang='lat' dir='ltr'><strong><em>bobum</em></strong></span> <span class='ocrx_word' id='word_1_38' title='bbox 492 589 567 644; x_wconf 87' lang='lat' dir='ltr'><strong><em>aiom</em></strong></span> <span class='ocrx_word' id='word_1_39' title='bbox 581 604 615 645; x_wconf 88' lang='lat' dir='ltr'><strong><em>oc</em></strong></span> <span class='ocrx_word' id='word_1_40' title='bbox 629 589 662 644; x_wconf 94' lang='lat' dir='ltr'><strong><em>in</em></strong></span> <span class='ocrx_word' id='word_1_41' title='bbox 676 604 741 644; x_wconf 88' lang='lat' dir='ltr'><strong><em>eam</em></strong></span> <span class='ocrx_word' id='word_1_42' title='bbox 756 588 895 660; x_wconf 79' lang='lat' dir='ltr'><strong><em>imprimis</em></strong></span> <span class='ocrx_word' id='word_1_43' title='bbox 918 589 976 660; x_wconf 64' lang='lat' dir='ltr'><strong><em>nus</em></strong></span> <span class='ocrx_word' id='word_1_44' title='bbox 990 603 1025 642; x_wconf 86' lang='lat' dir='ltr'><strong><em>cu</em></strong></span> <span class='ocrx_word' id='word_1_45' title='bbox 1048 597 1144 659; x_wconf 90' lang='lat' dir='ltr'><strong><em>oporto</em></strong></span> <span class='ocrx_word' id='word_1_46' title='bbox 1172 585 1327 659; x_wconf 81' lang='lat' dir='ltr'><strong><em>discipulus</em></strong></span> <span class='ocrx_word' id='word_1_47' title='bbox 1351 588 1510 662; x_wconf 75' lang='lat' dir='ltr'><strong><em>Cyprianus</em></strong></span> <span class='ocrx_word' id='word_1_48' title='bbox 1533 599 1603 648; x_wconf 88' lang='lat' dir='ltr'><strong><em>tolus</em></strong></span> <span class='ocrx_word' id='word_1_49' title='bbox 1631 593 1708 650; x_wconf 80' lang='lat' dir='ltr'><strong><em>abiit.</em></strong></span> <span class='ocrx_word' id='word_1_50' title='bbox 1739 599 1770 650; x_wconf 90' lang='lat' dir='ltr'><strong><em>ln</em></strong></span> <span class='ocrx_word' id='word_1_51' title='bbox 1795 601 1919 667; x_wconf 74' lang='lat' dir='ltr'><em>posteriori</em></span> 
     </span>
    </p>
   </div>
   <div class='ocr_carea' id='block_1_3' title="bbox 244 676 2019 928">
    <p class='ocr_par' dir='ltr' id='par_1_3' title="bbox 244 676 2019 928">
     <span class='ocr_line' id='line_1_5' title="bbox 244 676 2019 754; baseline 0.003 -18"><span class='ocrx_word' id='word_1_52' title='bbox 244 689 335 754; x_wconf 89' lang='lat' dir='ltr'><strong><em>porte,</em></strong></span> <span class='ocrx_word' id='word_1_53' title='bbox 352 695 407 750; x_wconf 81' lang='lat' dir='ltr'><strong><em>qua</em></strong></span> <span class='ocrx_word' id='word_1_54' title='bbox 422 679 579 750; x_wconf 70' lang='lat' dir='ltr'><strong><em>pracsertim</em></strong></span> <span class='ocrx_word' id='word_1_55' title='bbox 594 678 703 733; x_wconf 87' lang='lat' dir='ltr'><strong><em>ratione</em></strong></span> <span class='ocrx_word' id='word_1_56' title='bbox 717 680 807 732; x_wconf 85' lang='lat' dir='ltr'><strong><em>sacris</em></strong></span> <span class='ocrx_word' id='word_1_57' title='bbox 821 676 1031 748; x_wconf 78' lang='lat' dir='ltr'><strong><em>interspendum</em></strong></span> <span class='ocrx_word' id='word_1_58' title='bbox 1056 679 1103 744; x_wconf 86' lang='lat' dir='ltr'><strong><em>sit,</em></strong></span> <span class='ocrx_word' id='word_1_59' title='bbox 1127 677 1207 748; x_wconf 85' lang='lat' dir='ltr'><strong><em>quiue</em></strong></span> <span class='ocrx_word' id='word_1_60' title='bbox 1228 693 1341 749; x_wconf 83' lang='lat' dir='ltr'><strong><em>procum</em></strong></span> <span class='ocrx_word' id='word_1_61' title='bbox 1369 679 1441 734; x_wconf 90' lang='lat' dir='ltr'><strong><em>ritus</em></strong></span> <span class='ocrx_word' id='word_1_62' title='bbox 1468 681 1526 735; x_wconf 88' lang='lat' dir='ltr'><strong><em>sint</em></strong></span> <span class='ocrx_word' id='word_1_63' title='bbox 1548 685 1597 736; x_wconf 90' lang='lat' dir='ltr'><strong><em>out</em></strong></span> <span class='ocrx_word' id='word_1_64' title='bbox 1611 682 1748 738; x_wconf 83' lang='lat' dir='ltr'><strong><em>omittendi</em></strong></span> <span class='ocrx_word' id='word_1_65' title='bbox 1773 689 1817 740; x_wconf 91' lang='lat' dir='ltr'><strong><em>aut</em></strong></span> <span class='ocrx_word' id='word_1_66' title='bbox 1841 685 1918 742; x_wconf 87' lang='lat' dir='ltr'><strong><em>sedulo</em></strong></span> <span class='ocrx_word' id='word_1_67' title='bbox 2018 681 2019 702; x_wconf 65' lang='lat'>¹</span> 
     </span>
     <span class='ocr_line' id='line_1_6' title="bbox 244 766 2019 847; baseline 0.003 -22"><span class='ocrx_word' id='word_1_68' title='bbox 244 767 418 842; x_wconf 72' lang='lat' dir='ltr'><strong><em>perficiendi,</em></strong></span> <span class='ocrx_word' id='word_1_69' title='bbox 435 783 503 822; x_wconf 87' lang='lat' dir='ltr'><strong><em>rora</em></strong></span> <span class='ocrx_word' id='word_1_70' title='bbox 519 766 676 836; x_wconf 80' lang='lat' dir='ltr'><strong><em>admodum,</em></strong></span> <span class='ocrx_word' id='word_1_71' title='bbox 692 783 741 837; x_wconf 90' lang='lat' dir='ltr'><strong><em>pro</em></strong></span> <span class='ocrx_word' id='word_1_72' title='bbox 758 771 912 838; x_wconf 84' lang='lat' dir='ltr'><strong><em>tenrporum</em></strong></span> <span class='ocrx_word' id='word_1_73' title='bbox 933 769 1076 833; x_wconf 79' lang='lat' dir='ltr'><strong><em>ootsutate,</em></strong></span> <span class='ocrx_word' id='word_1_74' title='bbox 1100 767 1272 836; x_wconf 76' lang='lat' dir='ltr'><strong><em>expositione</em></strong></span> <span class='ocrx_word' id='word_1_75' title='bbox 1295 766 1472 836; x_wconf 82' lang='lat' dir='ltr'><strong><em>indipitctur.</em></strong></span> <span class='ocrx_word' id='word_1_76' title='bbox 1489 797 1523 809; x_wconf 91' lang='lat'><em>-</em></span> <span class='ocrx_word' id='word_1_77' title='bbox 1548 774 1634 826; x_wconf 81' lang='lat' dir='ltr'><strong><em>Porro</em></strong></span> <span class='ocrx_word' id='word_1_78' title='bbox 1659 771 1714 826; x_wconf 74' lang='lat' dir='ltr'><strong><em>bac</em></strong></span> <span class='ocrx_word' id='word_1_79' title='bbox 1735 777 1918 847; x_wconf 82' lang='lat' dir='ltr'><strong><em>suntpraeipua</em></strong></span> <span class='ocrx_word' id='word_1_80' title='bbox 2018 821 2019 838; x_wconf 75' lang='lat'><strong><em>,</em></strong></span> 
     </span>
     <span class='ocr_line' id='line_1_7' title="bbox 245 855 2019 928; baseline 0.005 -16"><span class='ocrx_word' id='word_1_81' title='bbox 245 858 347 928; x_wconf 89' lang='lat' dir='ltr'><strong><em>prioris</em></strong></span> <span class='ocrx_word' id='word_1_82' title='bbox 359 857 570 928; x_wconf 76' lang='lat' dir='ltr'><strong><em>parteseapito:</em></strong></span> <span class='ocrx_word' id='word_1_83' title='bbox 589 855 615 908; x_wconf 82' lang='lat'><strong><em>1⁰</em></strong></span> <span class='ocrx_word' id='word_1_84' title='bbox 643 855 752 924; x_wconf 84' lang='lat' dir='ltr'><strong><em>Quanta</em></strong></span> <span class='ocrx_word' id='word_1_85' title='bbox 778 856 816 910; x_wconf 89' lang='lat' dir='ltr'><strong><em>sit</em></strong></span> <span class='ocrx_word' id='word_1_86' title='bbox 831 855 918 910; x_wconf 91' lang='lat' dir='ltr'><strong><em>oratio</em></strong></span> <span class='ocrx_word' id='word_1_87' title='bbox 937 855 988 910; x_wconf 87' lang='lat' dir='ltr'><strong><em>illo</em></strong></span> <span class='ocrx_word' id='word_1_88' title='bbox 1017 871 1100 925; x_wconf 84' lang='lat' dir='ltr'><strong><em>quam</em></strong></span> <span class='ocrx_word' id='word_1_89' title='bbox 1129 856 1243 927; x_wconf 86' lang='lat' dir='ltr'><strong><em>ipsemet</em></strong></span> <span class='ocrx_word' id='word_1_90' title='bbox 1272 855 1391 911; x_wconf 86' lang='lat' dir='ltr'><strong><em>tradidit</em></strong></span> <span class='ocrx_word' id='word_1_91' title='bbox 1404 856 1455 912; x_wconf 84' lang='lat' dir='ltr'><strong><em>Dei</em></strong></span> <span class='ocrx_word' id='word_1_92' title='bbox 1468 873 1559 914; x_wconf 89' lang='lat' dir='ltr'><strong><em>sermo</em></strong></span> <span class='ocrx_word' id='word_1_93' title='bbox 1572 863 1600 914; x_wconf 91' lang='lat' dir='ltr'><strong><em>et</em></strong></span> <span class='ocrx_word' id='word_1_94' title='bbox 1614 859 1663 914; x_wconf 83' lang='lat' dir='ltr'><strong><em>liei</em></strong></span> <span class='ocrx_word' id='word_1_95' title='bbox 1676 862 1754 927; x_wconf 87' lang='lat' dir='ltr'><strong><em>ratio,</em></strong></span> <span class='ocrx_word' id='word_1_96' title='bbox 1780 877 1858 919; x_wconf 85' lang='lat' dir='ltr'><strong><em>sermo</em></strong></span> <span class='ocrx_word' id='word_1_97' title='bbox 1879 880 1918 919; x_wconf 91' lang='lat' dir='ltr'><strong><em>rc·</em></strong></span> <span class='ocrx_word' id='word_1_98' title='bbox 2018 887 2019 902; x_wconf 66' lang='lat'>2</span> 
     </span>
    </p>
   </div>
   <div class='ocr_carea' id='block_1_4' title="bbox 242 942 1921 1818">
    <p class='ocr_par' dir='ltr' id='par_1_4' title="bbox 242 942 1921 1734">
     <span class='ocr_line' id='line_1_8' title="bbox 245 942 1918 1020; baseline 0.003 -16"><span class='ocrx_word' id='word_1_99' title='bbox 245 948 328 1004; x_wconf 88' lang='lat' dir='ltr'><strong><em>tionis</em></strong></span> <span class='ocrx_word' id='word_1_100' title='bbox 342 949 367 1000; x_wconf 92' lang='lat' dir='ltr'><strong><em>et</em></strong></span> <span class='ocrx_word' id='word_1_101' title='bbox 381 946 457 1001; x_wconf 89' lang='lat' dir='ltr'><strong><em>ratio</em></strong></span> <span class='ocrx_word' id='word_1_102' title='bbox 471 945 616 1010; x_wconf 87' lang='lat' dir='ltr'><strong><em>sermonis,</em></strong></span> <span class='ocrx_word' id='word_1_103' title='bbox 635 945 664 1000; x_wconf 78' lang='lat' dir='ltr'><strong><em>t),</em></strong></span> <span class='ocrx_word' id='word_1_104' title='bbox 681 945 713 1001; x_wconf 88' lang='lat' dir='ltr'><strong><em>N.</em></strong></span> <span class='ocrx_word' id='word_1_105' title='bbox 728 945 755 1000; x_wconf 90' lang='lat' dir='ltr'><strong><em>t.</em></strong></span> <span class='ocrx_word' id='word_1_106' title='bbox 772 944 801 999; x_wconf 84' lang='lat' dir='ltr'><strong><em>C.</em></strong></span> <span class='ocrx_word' id='word_1_107' title='bbox 818 943 883 1016; x_wconf 81' lang='lat' dir='ltr'><strong><em>dap.</em></strong></span> <span class='ocrx_word' id='word_1_108' title='bbox 899 944 924 998; x_wconf 91' lang='grc'><strong><em>1.</em></strong></span> <span class='ocrx_word' id='word_1_109' title='bbox 939 944 968 998; x_wconf 70' lang='lat'><strong><em>2⁰</em></strong></span> <span class='ocrx_word' id='word_1_110' title='bbox 995 942 1118 1001; x_wconf 86' lang='lat' dir='ltr'><strong><em>Subinde</em></strong></span> <span class='ocrx_word' id='word_1_111' title='bbox 1140 943 1286 1000; x_wconf 76' lang='lat' dir='ltr'><strong><em>deducitur</em></strong></span> <span class='ocrx_word' id='word_1_112' title='bbox 1306 944 1454 1002; x_wconf 79' lang='lat' dir='ltr'><strong><em>eoordium</em></strong></span> <span class='ocrx_word' id='word_1_113' title='bbox 1482 947 1513 1002; x_wconf 91' lang='lat' dir='ltr'><strong><em>in</em></strong></span> <span class='ocrx_word' id='word_1_114' title='bbox 1540 962 1595 1020; x_wconf 79' lang='lat' dir='ltr'><strong><em>quo</em></strong></span> <span class='ocrx_word' id='word_1_115' title='bbox 1618 951 1774 1016; x_wconf 82' lang='lat' dir='ltr'><strong><em>oporoscitur</em></strong></span> <span class='ocrx_word' id='word_1_116' title='bbox 1794 951 1875 1020; x_wconf 82' lang='lat' dir='ltr'><strong><em>Potor,</em></strong></span> <span class='ocrx_word' id='word_1_117' title='bbox 1898 960 1918 1009; x_wconf 91' lang='lat' dir='ltr'><strong><em>et</em></strong></span> 
     </span>
     <span class='ocr_line' id='line_1_9' title="bbox 246 1032 1918 1111; baseline 0.002 -19"><span class='ocrx_word' id='word_1_118' title='bbox 246 1039 277 1092; x_wconf 91' lang='lat' dir='ltr'><strong><em>in</em></strong></span> <span class='ocrx_word' id='word_1_119' title='bbox 291 1039 374 1092; x_wconf 85' lang='lat' dir='ltr'><strong><em>Patre</em></strong></span> <span class='ocrx_word' id='word_1_120' title='bbox 388 1034 479 1092; x_wconf 85' lang='lat' dir='ltr'><strong><em>Filius</em></strong></span> <span class='ocrx_word' id='word_1_121' title='bbox 494 1035 647 1101; x_wconf 82' lang='lat' dir='ltr'><strong><em>invocatur,</em></strong></span> <span class='ocrx_word' id='word_1_122' title='bbox 663 1049 713 1089; x_wconf 89' lang='lat' dir='ltr'><strong><em>noo</em></strong></span> <span class='ocrx_word' id='word_1_123' title='bbox 726 1038 814 1089; x_wconf 88' lang='lat' dir='ltr'><strong><em>motor</em></strong></span> <span class='ocrx_word' id='word_1_124' title='bbox 828 1032 937 1104; x_wconf 84' lang='lat' dir='ltr'><strong><em>quidem</em></strong></span> <span class='ocrx_word' id='word_1_125' title='bbox 954 1034 1072 1090; x_wconf 83' lang='lat' dir='ltr'><strong><em>licclcssa</em></strong></span> <span class='ocrx_word' id='word_1_126' title='bbox 1088 1033 1263 1105; x_wconf 79' lang='lat' dir='ltr'><strong><em>praelcritur.</em></strong></span> <span class='ocrx_word' id='word_1_127' title='bbox 1280 1032 1335 1106; x_wconf 81' lang='lat' dir='ltr'><strong><em>Cup</em></strong></span> <span class='ocrx_word' id='word_1_128' title='bbox 1360 1033 1388 1089; x_wconf 83' lang='lat'><strong><em>2.</em></strong></span> <span class='ocrx_word' id='word_1_129' title='bbox 1413 1034 1442 1090; x_wconf 81' lang='lat'><strong><em>3⁰</em></strong></span> <span class='ocrx_word' id='word_1_130' title='bbox 1471 1035 1537 1090; x_wconf 85' lang='lat' dir='ltr'><strong><em>Tum</em></strong></span> <span class='ocrx_word' id='word_1_131' title='bbox 1561 1037 1674 1106; x_wconf 73' lang='lat' dir='ltr'><strong><em>simpulo</em></strong></span> <span class='ocrx_word' id='word_1_132' title='bbox 1691 1037 1827 1109; x_wconf 82' lang='lat' dir='ltr'><strong><em>sipillatim</em></strong></span> <span class='ocrx_word' id='word_1_133' title='bbox 1843 1039 1918 1111; x_wconf 79' lang='lat' dir='ltr'><strong><em>capli-</em></strong></span> 
     </span>
     <span class='ocr_line' id='line_1_10' title="bbox 245 1121 1920 1198; baseline 0.003 -17"><span class='ocrx_word' id='word_1_134' title='bbox 245 1133 325 1182; x_wconf 88' lang='lat' dir='ltr'><strong><em>ootur</em></strong></span> <span class='ocrx_word' id='word_1_135' title='bbox 334 1125 444 1196; x_wconf 88' lang='lat' dir='ltr'><strong><em>petitio,</em></strong></span> <span class='ocrx_word' id='word_1_136' title='bbox 459 1125 551 1196; x_wconf 89' lang='lat' dir='ltr'><strong><em>primo</em></strong></span> <span class='ocrx_word' id='word_1_137' title='bbox 565 1139 672 1196; x_wconf 81' lang='lat' dir='ltr'><strong><em>nempe,</em></strong></span> <span class='ocrx_word' id='word_1_138' title='bbox 687 1139 742 1195; x_wconf 87' lang='lat' dir='ltr'><strong><em>qua</em></strong></span> <span class='ocrx_word' id='word_1_139' title='bbox 757 1130 786 1178; x_wconf 89' lang='lat' dir='ltr'><strong><em>ct</em></strong></span> <span class='ocrx_word' id='word_1_140' title='bbox 799 1137 848 1178; x_wconf 93' lang='lat' dir='ltr'><strong><em>nos</em></strong></span> <span class='ocrx_word' id='word_1_141' title='bbox 863 1121 1034 1194; x_wconf 81' lang='lat' dir='ltr'><strong><em>inpolorum</em></strong></span> <span class='ocrx_word' id='word_1_142' title='bbox 1047 1121 1205 1194; x_wconf 89' lang='lat' dir='ltr'><strong><em>candidati,</em></strong></span> <span class='ocrx_word' id='word_1_143' title='bbox 1221 1123 1356 1180; x_wconf 71' lang='lat' dir='ltr'><strong><em>eocbstem</em></strong></span> <span class='ocrx_word' id='word_1_144' title='bbox 1370 1125 1419 1180; x_wconf 86' lang='lat' dir='ltr'><strong><em>ltei</em></strong></span> <span class='ocrx_word' id='word_1_145' title='bbox 1431 1124 1551 1196; x_wconf 82' lang='lat' dir='ltr'><strong><em>pieriam</em></strong></span> <span class='ocrx_word' id='word_1_146' title='bbox 1566 1127 1705 1198; x_wconf 76' lang='lat' dir='ltr'><strong><em>ipsiusque</em></strong></span> <span class='ocrx_word' id='word_1_147' title='bbox 1716 1129 1747 1184; x_wconf 90' lang='lat' dir='ltr'><strong><em>in</em></strong></span> <span class='ocrx_word' id='word_1_148' title='bbox 1759 1129 1830 1184; x_wconf 83' lang='lat' dir='ltr'><strong><em>notu</em></strong></span> <span class='ocrx_word' id='word_1_149' title='bbox 1841 1145 1920 1186; x_wconf 87' lang='lat' dir='ltr'><strong><em>nonen</em></strong></span> 
     </span>
     <span class='ocr_line' id='line_1_11' title="bbox 243 1210 1920 1286; baseline 0.001 -14"><span class='ocrx_word' id='word_1_150' title='bbox 243 1215 446 1284; x_wconf 74' lang='lat' dir='ltr'><strong><em>sanctificatum</em></strong></span> <span class='ocrx_word' id='word_1_151' title='bbox 473 1215 653 1284; x_wconf 86' lang='lat' dir='ltr'><strong><em>postulamus.</em></strong></span> <span class='ocrx_word' id='word_1_152' title='bbox 670 1212 737 1284; x_wconf 83' lang='lat' dir='ltr'><strong><em>Cap.</em></strong></span> <span class='ocrx_word' id='word_1_153' title='bbox 762 1212 789 1266; x_wconf 89' lang='lat'><strong><em>3.</em></strong></span> <span class='ocrx_word' id='word_1_154' title='bbox 812 1210 937 1267; x_wconf 88' lang='lat' dir='ltr'><strong><em>Secundo</em></strong></span> <span class='ocrx_word' id='word_1_155' title='bbox 960 1226 1024 1267; x_wconf 87' lang='lat' dir='ltr'><strong><em>acro</em></strong></span> <span class='ocrx_word' id='word_1_156' title='bbox 1048 1219 1162 1282; x_wconf 85' lang='lat' dir='ltr'><strong><em>ropotur</em></strong></span> <span class='ocrx_word' id='word_1_157' title='bbox 1185 1220 1217 1266; x_wconf 92' lang='lat' dir='ltr'><strong><em>ut</em></strong></span> <span class='ocrx_word' id='word_1_158' title='bbox 1230 1212 1281 1282; x_wconf 80' lang='lat' dir='ltr'><strong><em>fiat</em></strong></span> <span class='ocrx_word' id='word_1_159' title='bbox 1294 1212 1353 1282; x_wconf 80' lang='lat' dir='ltr'><strong><em>ojus</em></strong></span> <span class='ocrx_word' id='word_1_160' title='bbox 1366 1211 1495 1269; x_wconf 88' lang='lat' dir='ltr'><strong><em>uoluntas</em></strong></span> <span class='ocrx_word' id='word_1_161' title='bbox 1510 1213 1539 1268; x_wconf 90' lang='lat' dir='ltr'><strong><em>in</em></strong></span> <span class='ocrx_word' id='word_1_162' title='bbox 1552 1213 1630 1270; x_wconf 88' lang='lat' dir='ltr'><strong><em>nobis</em></strong></span> <span class='ocrx_word' id='word_1_163' title='bbox 1645 1217 1694 1286; x_wconf 79' lang='lat' dir='ltr'><strong><em>qui</em></strong></span> <span class='ocrx_word' id='word_1_164' title='bbox 1706 1213 1801 1270; x_wconf 83' lang='lat' dir='ltr'><strong><em>emtum</em></strong></span> <span class='ocrx_word' id='word_1_165' title='bbox 1813 1221 1837 1272; x_wconf 90' lang='lat' dir='ltr'><strong><em>et</em></strong></span> <span class='ocrx_word' id='word_1_166' title='bbox 1861 1221 1920 1273; x_wconf 88' lang='lat' dir='ltr'><strong><em>terra</em></strong></span> 
     </span>
     <span class='ocr_line' id='line_1_12' title="bbox 242 1299 1920 1373; baseline 0.002 -15"><span class='ocrx_word' id='word_1_167' title='bbox 242 1315 348 1358; x_wconf 78' lang='lat' dir='ltr'><strong><em>sumtu.</em></strong></span> <span class='ocrx_word' id='word_1_168' title='bbox 366 1301 432 1372; x_wconf 83' lang='lat' dir='ltr'><strong><em>Cap.</em></strong></span> <span class='ocrx_word' id='word_1_169' title='bbox 449 1302 475 1356; x_wconf 86' lang='lat' dir='ltr'><strong><em>t.</em></strong></span> <span class='ocrx_word' id='word_1_170' title='bbox 493 1301 582 1356; x_wconf 83' lang='lat' dir='ltr'><strong><em>lertio</em></strong></span> <span class='ocrx_word' id='word_1_171' title='bbox 597 1299 892 1371; x_wconf 78' lang='lat' dir='ltr'><strong><em>outomtcstinandum</em></strong></span> <span class='ocrx_word' id='word_1_172' title='bbox 906 1307 947 1356; x_wconf 85' lang='lat' dir='ltr'><strong><em>ast</em></strong></span> <span class='ocrx_word' id='word_1_173' title='bbox 971 1299 1007 1354; x_wconf 88' lang='lat' dir='ltr'><strong><em>od</em></strong></span> <span class='ocrx_word' id='word_1_174' title='bbox 1025 1299 1084 1371; x_wconf 86' lang='lat' dir='ltr'><strong><em>spei</em></strong></span> <span class='ocrx_word' id='word_1_175' title='bbox 1110 1302 1218 1357; x_wconf 80' lang='lat' dir='ltr'><strong><em>nostre:</em></strong></span> <span class='ocrx_word' id='word_1_176' title='bbox 1241 1299 1463 1371; x_wconf 81' lang='lat' dir='ltr'><strong><em>eomplcnumod</em></strong></span> <span class='ocrx_word' id='word_1_177' title='bbox 1476 1307 1569 1357; x_wconf 82' lang='lat' dir='ltr'><strong><em>ootuns</em></strong></span> <span class='ocrx_word' id='word_1_178' title='bbox 1582 1301 1807 1373; x_wconf 86' lang='lat' dir='ltr'><strong><em>Christianorum,</em></strong></span> <span class='ocrx_word' id='word_1_179' title='bbox 1821 1304 1852 1360; x_wconf 88' lang='lat' dir='ltr'><strong><em>od</em></strong></span> <span class='ocrx_word' id='word_1_180' title='bbox 1870 1322 1920 1362; x_wconf 88' lang='lat' dir='ltr'><strong><em>oon·</em></strong></span> 
     </span>
     <span class='ocr_line' id='line_1_13' title="bbox 243 1388 1920 1464; baseline 0.002 -18"><span class='ocrx_word' id='word_1_181' title='bbox 243 1393 385 1464; x_wconf 72' lang='lat' dir='ltr'><strong><em>lusionem</em></strong></span> <span class='ocrx_word' id='word_1_182' title='bbox 399 1389 555 1456; x_wconf 88' lang='lat' dir='ltr'><strong><em>notionum,</em></strong></span> <span class='ocrx_word' id='word_1_183' title='bbox 572 1389 608 1445; x_wconf 93' lang='lat' dir='ltr'><strong><em>od</em></strong></span> <span class='ocrx_word' id='word_1_184' title='bbox 622 1391 839 1445; x_wconf 79' lang='lat' dir='ltr'><strong><em>exsultationem</em></strong></span> <span class='ocrx_word' id='word_1_185' title='bbox 863 1388 1040 1460; x_wconf 81' lang='lat' dir='ltr'><strong><em>inpelorum.</em></strong></span> <span class='ocrx_word' id='word_1_186' title='bbox 1067 1389 1134 1459; x_wconf 84' lang='lat' dir='ltr'><strong><em>Cap.</em></strong></span> <span class='ocrx_word' id='word_1_187' title='bbox 1156 1389 1184 1442; x_wconf 93' lang='lat'><strong><em>5.</em></strong></span> <span class='ocrx_word' id='word_1_188' title='bbox 1214 1388 1319 1456; x_wconf 85' lang='lat' dir='ltr'><strong><em>Quarta</em></strong></span> <span class='ocrx_word' id='word_1_189' title='bbox 1340 1389 1490 1463; x_wconf 73' lang='lat' dir='ltr'><strong><em>trifarium</em></strong></span> <span class='ocrx_word' id='word_1_190' title='bbox 1504 1389 1615 1463; x_wconf 79' lang='lat' dir='ltr'><strong><em>quidem</em></strong></span> <span class='ocrx_word' id='word_1_191' title='bbox 1628 1391 1709 1448; x_wconf 85' lang='lat' dir='ltr'><strong><em>babet</em></strong></span> <span class='ocrx_word' id='word_1_192' title='bbox 1723 1393 1920 1464; x_wconf 78' lang='lat' dir='ltr'><strong><em>ccpttccttmrn,</em></strong></span> 
     </span>
     <span class='ocr_line' id='line_1_14' title="bbox 243 1475 1921 1552; baseline 0.001 -16"><span class='ocrx_word' id='word_1_193' title='bbox 243 1481 350 1536; x_wconf 79' lang='lat' dir='ltr'><strong><em>scilicet</em></strong></span> <span class='ocrx_word' id='word_1_194' title='bbox 365 1477 398 1533; x_wconf 91' lang='lat' dir='ltr'><strong><em>de</em></strong></span> <span class='ocrx_word' id='word_1_195' title='bbox 409 1493 482 1548; x_wconf 90' lang='lat' dir='ltr'><strong><em>pone</em></strong></span> <span class='ocrx_word' id='word_1_196' title='bbox 495 1479 647 1543; x_wconf 87' lang='lat' dir='ltr'><strong><em>communi,</em></strong></span> <span class='ocrx_word' id='word_1_197' title='bbox 663 1476 764 1533; x_wconf 88' lang='lat' dir='ltr'><strong><em>deindo</em></strong></span> <span class='ocrx_word' id='word_1_198' title='bbox 779 1477 815 1532; x_wconf 83' lang='lat' dir='ltr'><strong><em>oie</em></strong></span> <span class='ocrx_word' id='word_1_199' title='bbox 831 1475 940 1532; x_wconf 81' lang='lat' dir='ltr'><strong><em>Christo</em></strong></span> <span class='ocrx_word' id='word_1_200' title='bbox 968 1481 1062 1550; x_wconf 89' lang='lat' dir='ltr'><strong><em>utpote</em></strong></span> <span class='ocrx_word' id='word_1_201' title='bbox 1085 1475 1260 1532; x_wconf 88' lang='lat' dir='ltr'><strong><em>credentium</em></strong></span> <span class='ocrx_word' id='word_1_202' title='bbox 1285 1493 1367 1550; x_wconf 90' lang='lat' dir='ltr'><strong><em>pone,</em></strong></span> <span class='ocrx_word' id='word_1_203' title='bbox 1395 1481 1533 1551; x_wconf 85' lang='lat' dir='ltr'><strong><em>postremo</em></strong></span> <span class='ocrx_word' id='word_1_204' title='bbox 1562 1479 1595 1536; x_wconf 82' lang='lat' dir='ltr'><strong><em>de</em></strong></span> <span class='ocrx_word' id='word_1_205' title='bbox 1608 1495 1718 1552; x_wconf 87' lang='lat' dir='ltr'><strong><em>corpore</em></strong></span> <span class='ocrx_word' id='word_1_206' title='bbox 1730 1480 1826 1538; x_wconf 79' lang='lat' dir='ltr'><strong><em>toran</em></strong></span> <span class='ocrx_word' id='word_1_207' title='bbox 1843 1482 1921 1538; x_wconf 85' lang='lat' dir='ltr'><strong><em>aucto</em></strong></span> 
     </span>
     <span class='ocr_line' id='line_1_15' title="bbox 244 1563 1921 1644; baseline 0.002 -21"><span class='ocrx_word' id='word_1_208' title='bbox 244 1570 352 1624; x_wconf 84' lang='lat' dir='ltr'><strong><em>ristcoo.</em></strong></span> <span class='ocrx_word' id='word_1_209' title='bbox 369 1565 433 1638; x_wconf 83' lang='lat' dir='ltr'><strong><em>Cap.</em></strong></span> <span class='ocrx_word' id='word_1_210' title='bbox 454 1566 481 1620; x_wconf 82' lang='lat' dir='ltr'><strong><em>b.</em></strong></span> <span class='ocrx_word' id='word_1_211' title='bbox 498 1567 563 1622; x_wconf 90' lang='lat' dir='ltr'><strong><em>lum</em></strong></span> <span class='ocrx_word' id='word_1_212' title='bbox 579 1566 627 1622; x_wconf 81' lang='lat' dir='ltr'><strong><em>liei</em></strong></span> <span class='ocrx_word' id='word_1_213' title='bbox 641 1566 817 1623; x_wconf 69' lang='lat' dir='ltr'><strong><em>aumantium</em></strong></span> <span class='ocrx_word' id='word_1_214' title='bbox 837 1565 933 1637; x_wconf 83' lang='lat' dir='ltr'><strong><em>quinta</em></strong></span> <span class='ocrx_word' id='word_1_215' title='bbox 947 1565 1089 1638; x_wconf 79' lang='lat' dir='ltr'><strong><em>implorat.</em></strong></span> <span class='ocrx_word' id='word_1_216' title='bbox 1107 1563 1173 1638; x_wconf 81' lang='lat' dir='ltr'><strong><em>Cap.</em></strong></span> <span class='ocrx_word' id='word_1_217' title='bbox 1189 1565 1216 1622; x_wconf 83' lang='lat'><strong><em>7.</em></strong></span> <span class='ocrx_word' id='word_1_218' title='bbox 1233 1565 1318 1624; x_wconf 76' lang='lat' dir='ltr'><strong><em>Sexto</em></strong></span> <span class='ocrx_word' id='word_1_219' title='bbox 1331 1563 1443 1624; x_wconf 64' lang='lat' dir='ltr'><strong><em>&amp;mum</em></strong></span> <span class='ocrx_word' id='word_1_220' title='bbox 1457 1571 1483 1644; x_wconf 81' lang='lat' dir='ltr'><strong><em>ot</em></strong></span> <span class='ocrx_word' id='word_1_221' title='bbox 1496 1570 1614 1640; x_wconf 87' lang='lat' dir='ltr'><strong><em>septima</em></strong></span> <span class='ocrx_word' id='word_1_222' title='bbox 1628 1571 1814 1638; x_wconf 83' lang='lat' dir='ltr'><strong><em>tentationem,</em></strong></span> <span class='ocrx_word' id='word_1_223' title='bbox 1825 1572 1921 1626; x_wconf 87' lang='lat' dir='ltr'><strong><em>matun·</em></strong></span> 
     </span>
     <span class='ocr_line' id='line_1_16' title="bbox 246 1656 647 1734; baseline -0.017 -17"><span class='ocrx_word' id='word_1_224' title='bbox 246 1678 298 1734; x_wconf 83' lang='lat' dir='ltr'><strong><em>quc</em></strong></span> <span class='ocrx_word' id='word_1_225' title='bbox 312 1661 486 1733; x_wconf 86' lang='lat' dir='ltr'><strong><em>deprecatur.</em></strong></span> <span class='ocrx_word' id='word_1_226' title='bbox 504 1658 574 1728; x_wconf 84' lang='lat' dir='ltr'><strong><em>Cap.</em></strong></span> <span class='ocrx_word' id='word_1_227' title='bbox 589 1658 607 1711; x_wconf 86' lang='lat'><strong>7</strong></span> <span class='ocrx_word' id='word_1_228' title='bbox 620 1656 647 1710; x_wconf 83' lang='lat'><strong><em>9.</em></strong></span> 
     </span>
    </p>

    <p class='ocr_par' dir='ltr' id='par_1_5' title="bbox 281 1743 1921 1818">
     <span class='ocr_line' id='line_1_17' title="bbox 281 1743 1921 1818; baseline -0.004 -10"><span class='ocrx_word' id='word_1_229' title='bbox 281 1753 349 1808; x_wconf 85' lang='lat' dir='ltr'><strong><em>Pars</em></strong></span> <span class='ocrx_word' id='word_1_230' title='bbox 362 1765 427 1806; x_wconf 88' lang='lat' dir='ltr'><strong><em>aero</em></strong></span> <span class='ocrx_word' id='word_1_231' title='bbox 439 1746 574 1818; x_wconf 81' lang='lat' dir='ltr'><strong><em>posterior</em></strong></span> <span class='ocrx_word' id='word_1_232' title='bbox 588 1745 736 1816; x_wconf 76' lang='lat' dir='ltr'><strong><em>multiplex</em></strong></span> <span class='ocrx_word' id='word_1_233' title='bbox 749 1751 798 1815; x_wconf 86' lang='lat' dir='ltr'><strong><em>erl,</em></strong></span> <span class='ocrx_word' id='word_1_234' title='bbox 814 1759 863 1800; x_wconf 93' lang='lat' dir='ltr'><strong><em>nec</em></strong></span> <span class='ocrx_word' id='word_1_235' title='bbox 876 1747 968 1800; x_wconf 88' lang='lat' dir='ltr'><strong><em>tamen</em></strong></span> <span class='ocrx_word' id='word_1_236' title='bbox 984 1745 1127 1814; x_wconf 73' lang='lat' dir='ltr'><strong><em>acerrimo</em></strong></span> <span class='ocrx_word' id='word_1_237' title='bbox 1139 1743 1175 1800; x_wconf 88' lang='lat' dir='ltr'><strong><em>ad</em></strong></span> <span class='ocrx_word' id='word_1_238' title='bbox 1189 1744 1246 1799; x_wconf 90' lang='lat' dir='ltr'><strong><em>trio</em></strong></span> <span class='ocrx_word' id='word_1_239' title='bbox 1260 1745 1319 1802; x_wconf 77' lang='lat' dir='ltr'><strong><em>taec</em></strong></span> <span class='ocrx_word' id='word_1_240' title='bbox 1337 1743 1499 1802; x_wconf 80' lang='lat' dir='ltr'><strong><em>reducitur:</em></strong></span> <span class='ocrx_word' id='word_1_241' title='bbox 1516 1746 1545 1802; x_wconf 78' lang='grc' dir='ltr'><strong><em>1ο</em></strong></span> <span class='ocrx_word' id='word_1_242' title='bbox 1560 1745 1696 1815; x_wconf 84' lang='lat' dir='ltr'><strong><em>Queonorn</em></strong></span> <span class='ocrx_word' id='word_1_243' title='bbox 1710 1751 1772 1804; x_wconf 69' lang='lat' dir='ltr'><strong><em>anm</em></strong></span> <span class='ocrx_word' id='word_1_244' title='bbox 1793 1749 1921 1804; x_wconf 83' lang='lat' dir='ltr'><strong><em>orationem</em></strong></span> 
     </span>
    </p>
   </div>
   <div class='ocr_carea' id='block_1_5' title="bbox 244 1833 2019 1913">
    <p class='ocr_par' dir='ltr' id='par_1_6' title="bbox 244 1833 2019 1913">
     <span class='ocr_line' id='line_1_18' title="bbox 244 1833 2019 1913; baseline -0.003 -17"><span class='ocrx_word' id='word_1_245' title='bbox 244 1844 387 1913; x_wconf 70' lang='lat' dir='ltr'><strong><em>fructuose</em></strong></span> <span class='ocrx_word' id='word_1_246' title='bbox 401 1838 527 1893; x_wconf 89' lang='lat' dir='ltr'><strong><em>animam</em></strong></span> <span class='ocrx_word' id='word_1_247' title='bbox 541 1837 706 1906; x_wconf 77' lang='lat' dir='ltr'><strong><em>preparent,</em></strong></span> <span class='ocrx_word' id='word_1_248' title='bbox 722 1834 861 1888; x_wconf 89' lang='lat' dir='ltr'><strong><em>nimirum</em></strong></span> <span class='ocrx_word' id='word_1_249' title='bbox 874 1833 1009 1888; x_wconf 79' lang='lat' dir='ltr'><strong><em>rnnnoriu</em></strong></span> <span class='ocrx_word' id='word_1_250' title='bbox 1021 1840 1234 1905; x_wconf 74' lang='lat' dir='ltr'><strong><em>praeceptorum,</em></strong></span> <span class='ocrx_word' id='word_1_251' title='bbox 1250 1849 1285 1889; x_wconf 90' lang='lat' dir='ltr'><strong><em>oc</em></strong></span> <span class='ocrx_word' id='word_1_252' title='bbox 1312 1847 1372 1906; x_wconf 75' lang='lat' dir='ltr'><strong><em>proe</em></strong></span> <span class='ocrx_word' id='word_1_253' title='bbox 1399 1833 1527 1892; x_wconf 85' lang='lat' dir='ltr'><strong><em>omnihus</em></strong></span> <span class='ocrx_word' id='word_1_254' title='bbox 1554 1835 1648 1906; x_wconf 74' lang='lat' dir='ltr'><strong><em>officia</em></strong></span> <span class='ocrx_word' id='word_1_255' title='bbox 1678 1837 1825 1905; x_wconf 82' lang='lat' dir='ltr'><strong><em>charitalis,</em></strong></span> <span class='ocrx_word' id='word_1_256' title='bbox 1851 1836 1921 1892; x_wconf 86' lang='lat' dir='ltr'><strong><em>litera</em></strong></span> <span class='ocrx_word' id='word_1_257' title='bbox 2018 1853 2019 1856; x_wconf 45' lang='lat'>¹</span> 
     </span>
    </p>
   </div>
   <div class='ocr_carea' id='block_1_6' title="bbox 245 1921 1921 2087">
    <p class='ocr_par' dir='ltr' id='par_1_7' title="bbox 245 1921 1921 2087">
     <span class='ocr_line' id='line_1_19' title="bbox 245 1921 1921 1997; baseline -0.002 -13"><span class='ocrx_word' id='word_1_258' title='bbox 245 1931 336 1986; x_wconf 85' lang='lat' dir='ltr'><strong><em>animi</em></strong></span> <span class='ocrx_word' id='word_1_259' title='bbox 349 1929 468 1984; x_wconf 84' lang='lat' dir='ltr'><strong><em>intentio</em></strong></span> <span class='ocrx_word' id='word_1_260' title='bbox 484 1940 539 1997; x_wconf 82' lang='lat' dir='ltr'><strong><em>ouo</em></strong></span> <span class='ocrx_word' id='word_1_261' title='bbox 554 1923 761 1980; x_wconf 79' lang='lat' dir='ltr'><strong><em>inenarrabiles</em></strong></span> <span class='ocrx_word' id='word_1_262' title='bbox 775 1923 891 1994; x_wconf 89' lang='lat' dir='ltr'><strong><em>spiritus</em></strong></span> <span class='ocrx_word' id='word_1_263' title='bbox 904 1921 939 1978; x_wconf 88' lang='lat' dir='ltr'><strong><em>ad</em></strong></span> <span class='ocrx_word' id='word_1_264' title='bbox 955 1925 1065 1976; x_wconf 81' lang='lat' dir='ltr'><strong><em>Patrem</em></strong></span> <span class='ocrx_word' id='word_1_265' title='bbox 1079 1923 1195 1993; x_wconf 82' lang='lat' dir='ltr'><strong><em>pentilus</em></strong></span> <span class='ocrx_word' id='word_1_266' title='bbox 1210 1921 1371 1978; x_wconf 85' lang='lat' dir='ltr'><strong><em>eliciuntur.</em></strong></span> <span class='ocrx_word' id='word_1_267' title='bbox 1397 1923 1463 1996; x_wconf 84' lang='lat' dir='ltr'><strong><em>Cap.</em></strong></span> <span class='ocrx_word' id='word_1_268' title='bbox 1480 1923 1574 1979; x_wconf 86' lang='grc'><strong>10-15.</strong></span> <span class='ocrx_word' id='word_1_269' title='bbox 1596 1925 1627 1978; x_wconf 81' lang='lat'><strong><em>2⁰</em></strong></span> <span class='ocrx_word' id='word_1_270' title='bbox 1651 1925 1782 1994; x_wconf 78' lang='lat' dir='ltr'><strong><em>Quaenam</em></strong></span> <span class='ocrx_word' id='word_1_271' title='bbox 1804 1927 1855 1981; x_wconf 89' lang='lat' dir='ltr'><strong><em>sioe</em></strong></span> <span class='ocrx_word' id='word_1_272' title='bbox 1873 1929 1921 1980; x_wconf 86' lang='lat' dir='ltr'><strong><em>onte</em></strong></span> 
     </span>
     <span class='ocr_line' id='line_1_20' title="bbox 246 2010 1920 2087; baseline -0.005 -13"><span class='ocrx_word' id='word_1_273' title='bbox 246 2021 305 2075; x_wconf 87' lang='lat' dir='ltr'><strong><em>siae</em></strong></span> <span class='ocrx_word' id='word_1_274' title='bbox 319 2023 379 2087; x_wconf 90' lang='lat' dir='ltr'><strong><em>post</em></strong></span> <span class='ocrx_word' id='word_1_275' title='bbox 396 2016 547 2073; x_wconf 87' lang='lat' dir='ltr'><strong><em>orationem</em></strong></span> <span class='ocrx_word' id='word_1_276' title='bbox 563 2013 648 2068; x_wconf 88' lang='lat' dir='ltr'><strong><em>libeat</em></strong></span> <span class='ocrx_word' id='word_1_277' title='bbox 663 2013 797 2080; x_wconf 89' lang='lat' dir='ltr'><strong><em>omittere,</em></strong></span> <span class='ocrx_word' id='word_1_278' title='bbox 814 2011 864 2067; x_wconf 80' lang='lat' dir='ltr'><strong><em>troc</em></strong></span> <span class='ocrx_word' id='word_1_279' title='bbox 877 2027 974 2082; x_wconf 88' lang='lat' dir='ltr'><strong><em>nempe</em></strong></span> <span class='ocrx_word' id='word_1_280' title='bbox 989 2018 1028 2065; x_wconf 86' lang='lat' dir='ltr'><strong><em>est</em></strong></span> <span class='ocrx_word' id='word_1_281' title='bbox 1042 2010 1084 2066; x_wconf 90' lang='lat' dir='ltr'><strong><em>ool</em></strong></span> <span class='ocrx_word' id='word_1_282' title='bbox 1098 2027 1197 2066; x_wconf 88' lang='lat' dir='ltr'><strong><em>munus</em></strong></span> <span class='ocrx_word' id='word_1_283' title='bbox 1213 2011 1338 2080; x_wconf 88' lang='lat' dir='ltr'><strong><em>abluero,</em></strong></span> <span class='ocrx_word' id='word_1_284' title='bbox 1355 2013 1397 2066; x_wconf 91' lang='lat' dir='ltr'><strong><em>uct</em></strong></span> <span class='ocrx_word' id='word_1_285' title='bbox 1422 2012 1556 2084; x_wconf 86' lang='lat' dir='ltr'><strong><em>penulam</em></strong></span> <span class='ocrx_word' id='word_1_286' title='bbox 1579 2011 1731 2085; x_wconf 82' lang='lat' dir='ltr'><strong><em>deponere,</em></strong></span> <span class='ocrx_word' id='word_1_287' title='bbox 1754 2014 1795 2069; x_wconf 90' lang='lat' dir='ltr'><strong><em>uel</em></strong></span> <span class='ocrx_word' id='word_1_288' title='bbox 1816 2013 1920 2069; x_wconf 81' lang='lat' dir='ltr'><strong><em>assidua</em></strong></span> 
     </span>
    </p>
   </div>
   <div class='ocr_carea' id='block_1_7' title="bbox 246 2101 2019 2266">
    <p class='ocr_par' dir='ltr' id='par_1_8' title="bbox 246 2101 2019 2266">
     <span class='ocr_line' id='line_1_21' title="bbox 246 2101 2019 2182; baseline -0.006 -15"><span class='ocrx_word' id='word_1_289' title='bbox 246 2113 313 2180; x_wconf 82' lang='lat' dir='ltr'><strong><em>cap.</em></strong></span> <span class='ocrx_word' id='word_1_290' title='bbox 332 2106 427 2164; x_wconf 77' lang='lat' dir='ltr'><strong><em>to-tt.</em></strong></span> <span class='ocrx_word' id='word_1_291' title='bbox 444 2107 472 2161; x_wconf 85' lang='lat'><strong><em>3⁰</em></strong></span> <span class='ocrx_word' id='word_1_292' title='bbox 487 2109 625 2176; x_wconf 71' lang='lat' dir='ltr'><strong><em>Quaenam</em></strong></span> <span class='ocrx_word' id='word_1_293' title='bbox 640 2119 701 2159; x_wconf 86' lang='lat' dir='ltr'><strong><em>ocro</em></strong></span> <span class='ocrx_word' id='word_1_294' title='bbox 726 2101 839 2158; x_wconf 86' lang='lat' dir='ltr'><strong><em>deceant</em></strong></span> <span class='ocrx_word' id='word_1_295' title='bbox 861 2105 910 2157; x_wconf 90' lang='lat' dir='ltr'><strong><em>ont</em></strong></span> <span class='ocrx_word' id='word_1_296' title='bbox 933 2117 1040 2158; x_wconf 87' lang='lat' dir='ltr'><strong><em>necesso</em></strong></span> <span class='ocrx_word' id='word_1_297' title='bbox 1054 2103 1111 2157; x_wconf 87' lang='lat' dir='ltr'><strong><em>sint</em></strong></span> <span class='ocrx_word' id='word_1_298' title='bbox 1124 2101 1292 2174; x_wconf 84' lang='lat' dir='ltr'><strong><em>parapanda,</em></strong></span> <span class='ocrx_word' id='word_1_299' title='bbox 1309 2102 1414 2159; x_wconf 85' lang='lat' dir='ltr'><strong><em>scilieet</em></strong></span> <span class='ocrx_word' id='word_1_300' title='bbox 1426 2118 1560 2158; x_wconf 74' lang='lat' dir='ltr'><strong><em>manum</em></strong></span> <span class='ocrx_word' id='word_1_301' title='bbox 1574 2103 1679 2182; x_wconf 75' lang='lat' dir='ltr'><strong><em>elatio,⁸</em></strong></span> <span class='ocrx_word' id='word_1_302' title='bbox 1694 2103 1797 2170; x_wconf 81' lang='lat' dir='ltr'><strong><em>nultra,</em></strong></span> <span class='ocrx_word' id='word_1_303' title='bbox 1823 2105 1923 2174; x_wconf 75' lang='lat' dir='ltr'><strong><em>ambone</em></strong></span> <span class='ocrx_word' id='word_1_304' title='bbox 2018 2125 2019 2130; x_wconf 43' lang='lat'>¹</span> 
     </span>
     <span class='ocr_line' id='line_1_22' title="bbox 246 2190 2019 2266; baseline -0.005 -12"><span class='ocrx_word' id='word_1_305' title='bbox 246 2198 390 2264; x_wconf 80' lang='lat' dir='ltr'><strong><em>demissi03</em></strong></span> <span class='ocrx_word' id='word_1_306' title='bbox 406 2197 533 2252; x_wconf 90' lang='lat' dir='ltr'><strong><em>osculum</em></strong></span> <span class='ocrx_word' id='word_1_307' title='bbox 554 2194 652 2266; x_wconf 81' lang='lat' dir='ltr'><strong><em>pacis:</em></strong></span> <span class='ocrx_word' id='word_1_308' title='bbox 666 2193 748 2248; x_wconf 86' lang='lat' dir='ltr'><strong><em>statio</em></strong></span> <span class='ocrx_word' id='word_1_309' title='bbox 762 2190 798 2247; x_wconf 91' lang='lat' dir='ltr'><strong><em>ad</em></strong></span> <span class='ocrx_word' id='word_1_310' title='bbox 812 2207 902 2260; x_wconf 87' lang='lat' dir='ltr'><strong><em>arom,</em></strong></span> <span class='ocrx_word' id='word_1_311' title='bbox 919 2195 1026 2264; x_wconf 89' lang='lat' dir='ltr'><strong><em>accepto</em></strong></span> <span class='ocrx_word' id='word_1_312' title='bbox 1041 2206 1154 2261; x_wconf 89' lang='lat' dir='ltr'><strong><em>corporo</em></strong></span> <span class='ocrx_word' id='word_1_313' title='bbox 1167 2192 1280 2247; x_wconf 82' lang='lat' dir='ltr'><strong><em>Domini</em></strong></span> <span class='ocrx_word' id='word_1_314' title='bbox 1290 2194 1318 2246; x_wconf 87' lang='lat' dir='ltr'><strong><em>et</em></strong></span> <span class='ocrx_word' id='word_1_315' title='bbox 1329 2201 1486 2254; x_wconf 82' lang='lat' dir='ltr'><strong><em>reservato:</em></strong></span> <span class='ocrx_word' id='word_1_316' title='bbox 1498 2191 1608 2248; x_wconf 79' lang='lat' dir='ltr'><strong><em>baldus</em></strong></span> <span class='ocrx_word' id='word_1_317' title='bbox 1631 2194 1799 2252; x_wconf 84' lang='lat' dir='ltr'><strong><em>teminorum</em></strong></span> <span class='ocrx_word' id='word_1_318' title='bbox 1810 2191 1922 2247; x_wconf 86' lang='lat' dir='ltr'><strong><em>modestus</em></strong></span> <span class='ocrx_word' id='word_1_319' title='bbox 2018 2213 2019 2234; x_wconf 67' lang='grc' dir='ltr'>ι</span> 
     </span>
    </p>
   </div>
   <div class='ocr_carea' id='block_1_8' title="bbox 188 2278 1924 2628">
    <p class='ocr_par' dir='ltr' id='par_1_9' title="bbox 188 2278 1924 2628">
     <span class='ocr_line' id='line_1_23' title="bbox 244 2278 1922 2358; baseline -0.005 -15"><span class='ocrx_word' id='word_1_320' title='bbox 244 2290 424 2357; x_wconf 82' lang='lat' dir='ltr'><strong><em>octomenquo</em></strong></span> <span class='ocrx_word' id='word_1_321' title='bbox 434 2283 601 2358; x_wconf 79' lang='lat' dir='ltr'><strong><em>vispinum:</em></strong></span> <span class='ocrx_word' id='word_1_322' title='bbox 617 2296 707 2350; x_wconf 80' lang='lat' dir='ltr'><strong><em>pcnuo</em></strong></span> <span class='ocrx_word' id='word_1_323' title='bbox 721 2279 850 2350; x_wconf 70' lang='lat' dir='ltr'><strong><em>flectendi</em></strong></span> <span class='ocrx_word' id='word_1_324' title='bbox 863 2281 944 2347; x_wconf 89' lang='lat' dir='ltr'><strong><em>ritus,</em></strong></span> <span class='ocrx_word' id='word_1_325' title='bbox 960 2279 1034 2334; x_wconf 88' lang='lat' dir='ltr'><strong><em>locus</em></strong></span> <span class='ocrx_word' id='word_1_326' title='bbox 1047 2278 1158 2344; x_wconf 88' lang='lat' dir='ltr'><strong><em>orandi,</em></strong></span> <span class='ocrx_word' id='word_1_327' title='bbox 1175 2280 1305 2352; x_wconf 78' lang='lat' dir='ltr'><strong><em>boreaque</em></strong></span> <span class='ocrx_word' id='word_1_328' title='bbox 1319 2281 1517 2343; x_wconf 78' lang='lat' dir='ltr'><strong><em>solemniores:</em></strong></span> <span class='ocrx_word' id='word_1_329' title='bbox 1532 2283 1658 2338; x_wconf 86' lang='lat' dir='ltr'><strong><em>alternus</em></strong></span> <span class='ocrx_word' id='word_1_330' title='bbox 1672 2282 1834 2354; x_wconf 88' lang='lat' dir='ltr'><strong><em>psalmorum</em></strong></span> <span class='ocrx_word' id='word_1_331' title='bbox 1846 2288 1922 2336; x_wconf 85' lang='lat' dir='ltr'><strong><em>contu</em></strong></span> 
     </span>
     <span class='ocr_line' id='line_1_24' title="bbox 244 2367 1922 2448; baseline -0.005 -16"><span class='ocrx_word' id='word_1_332' title='bbox 244 2391 383 2448; x_wconf 78' lang='lat' dir='ltr'><strong><em>opopeque</em></strong></span> <span class='ocrx_word' id='word_1_333' title='bbox 398 2373 502 2440; x_wconf 86' lang='lat' dir='ltr'><strong><em>devota,</em></strong></span> <span class='ocrx_word' id='word_1_334' title='bbox 519 2377 650 2428; x_wconf 89' lang='lat' dir='ltr'><strong><em>coronato</em></strong></span> <span class='ocrx_word' id='word_1_335' title='bbox 664 2386 725 2425; x_wconf 89' lang='lat' dir='ltr'><strong><em>cum</em></strong></span> <span class='ocrx_word' id='word_1_336' title='bbox 739 2384 839 2442; x_wconf 85' lang='lat' dir='ltr'><strong><em>pompa</em></strong></span> <span class='ocrx_word' id='word_1_337' title='bbox 853 2383 967 2439; x_wconf 89' lang='lat' dir='ltr'><strong><em>operum</em></strong></span> <span class='ocrx_word' id='word_1_338' title='bbox 981 2369 1124 2436; x_wconf 88' lang='lat' dir='ltr'><strong><em>bonorum,</em></strong></span> <span class='ocrx_word' id='word_1_339' title='bbox 1141 2370 1218 2424; x_wconf 89' lang='lat' dir='ltr'><strong><em>inter</em></strong></span> <span class='ocrx_word' id='word_1_340' title='bbox 1228 2367 1352 2441; x_wconf 86' lang='lat' dir='ltr'><strong><em>psalmos</em></strong></span> <span class='ocrx_word' id='word_1_341' title='bbox 1366 2373 1393 2426; x_wconf 90' lang='lat' dir='ltr'><strong><em>et</em></strong></span> <span class='ocrx_word' id='word_1_342' title='bbox 1406 2373 1523 2442; x_wconf 74' lang='lat' dir='ltr'><strong><em>nymnos</em></strong></span> <span class='ocrx_word' id='word_1_343' title='bbox 1536 2371 1573 2426; x_wconf 88' lang='lat' dir='ltr'><strong><em>ad</em></strong></span> <span class='ocrx_word' id='word_1_344' title='bbox 1585 2370 1677 2428; x_wconf 85' lang='lat' dir='ltr'><strong><em>altare</em></strong></span> <span class='ocrx_word' id='word_1_345' title='bbox 1693 2372 1744 2428; x_wconf 83' lang='lat' dir='ltr'><strong><em>Dei</em></strong></span> <span class='ocrx_word' id='word_1_346' title='bbox 1755 2369 1922 2440; x_wconf 76' lang='lat' dir='ltr'><strong><em>deductodup.</em></strong></span> 
     </span>
     <span class='ocr_line' id='line_1_25' title="bbox 245 2457 1924 2537; baseline -0.006 -15"><span class='ocrx_word' id='word_1_347' title='bbox 245 2467 338 2523; x_wconf 76' lang='lat' dir='ltr'><strong><em>ili-28.</em></strong></span> <span class='ocrx_word' id='word_1_348' title='bbox 357 2466 491 2537; x_wconf 77' lang='lat' dir='ltr'><strong><em>Consertae</em></strong></span> <span class='ocrx_word' id='word_1_349' title='bbox 503 2463 567 2519; x_wconf 86' lang='lat' dir='ltr'><strong><em>huic</em></strong></span> <span class='ocrx_word' id='word_1_350' title='bbox 581 2477 614 2517; x_wconf 88' lang='lat' dir='ltr'><strong><em>ac</em></strong></span> <span class='ocrx_word' id='word_1_351' title='bbox 628 2460 733 2516; x_wconf 91' lang='lat' dir='ltr'><strong><em>mirum</em></strong></span> <span class='ocrx_word' id='word_1_352' title='bbox 748 2461 777 2516; x_wconf 93' lang='lat' dir='ltr'><strong><em>in</em></strong></span> <span class='ocrx_word' id='word_1_353' title='bbox 792 2457 903 2515; x_wconf 90' lang='lat' dir='ltr'><strong><em>modum</em></strong></span> <span class='ocrx_word' id='word_1_354' title='bbox 917 2460 1015 2530; x_wconf 77' lang='lat' dir='ltr'><strong><em>opime</em></strong></span> <span class='ocrx_word' id='word_1_355' title='bbox 1029 2461 1156 2514; x_wconf 87' lang='lat' dir='ltr'><strong><em>veterum</em></strong></span> <span class='ocrx_word' id='word_1_356' title='bbox 1169 2461 1277 2515; x_wconf 87' lang='lat' dir='ltr'><strong><em>rituum</em></strong></span> <span class='ocrx_word' id='word_1_357' title='bbox 1291 2461 1380 2529; x_wconf 81' lang='lat' dir='ltr'><strong><em>copiae</em></strong></span> <span class='ocrx_word' id='word_1_358' title='bbox 1393 2459 1601 2532; x_wconf 80' lang='lat' dir='ltr'><strong><em>superadditur,</em></strong></span> <span class='ocrx_word' id='word_1_359' title='bbox 1612 2459 1753 2518; x_wconf 83' lang='lat' dir='ltr'><strong><em>coronidis</em></strong></span> <span class='ocrx_word' id='word_1_360' title='bbox 1767 2462 1858 2528; x_wconf 87' lang='lat' dir='ltr'><strong><em>instar,</em></strong></span> <span class='ocrx_word' id='word_1_361' title='bbox 1867 2459 1893 2514; x_wconf 88' lang='lat' dir='ltr'><strong><em>dc</em></strong></span> <span class='ocrx_word' id='word_1_362' title='bbox 1903 2459 1924 2513; x_wconf 85' lang='lat' dir='ltr'><strong><em>ai</em></strong></span> 
     </span>
     <span class='ocr_line' id='line_1_26' title="bbox 188 2547 1285 2628; baseline -0.01 -12"><span class='ocrx_word' id='word_1_363' title='bbox 188 2609 191 2616; x_wconf 77' lang='grc'><strong>,</strong></span> <span class='ocrx_word' id='word_1_364' title='bbox 243 2559 270 2611; x_wconf 91' lang='lat' dir='ltr'><strong><em>ct</em></strong></span> <span class='ocrx_word' id='word_1_365' title='bbox 283 2557 384 2628; x_wconf 70' lang='lat' dir='ltr'><strong><em>effectu</em></strong></span> <span class='ocrx_word' id='word_1_366' title='bbox 398 2554 533 2612; x_wconf 84' lang='lat' dir='ltr'><strong><em>orationis</em></strong></span> <span class='ocrx_word' id='word_1_367' title='bbox 543 2554 643 2609; x_wconf 85' lang='lat' dir='ltr'><strong><em>ornata</em></strong></span> <span class='ocrx_word' id='word_1_368' title='bbox 656 2549 881 2624; x_wconf 78' lang='lat' dir='ltr'><strong><em>amplissimoque</em></strong></span> <span class='ocrx_word' id='word_1_369' title='bbox 895 2547 1051 2620; x_wconf 82' lang='lat' dir='ltr'><strong><em>descriptio.</em></strong></span> <span class='ocrx_word' id='word_1_370' title='bbox 1068 2548 1136 2622; x_wconf 88' lang='lat' dir='ltr'><strong><em>Cap.</em></strong></span> <span class='ocrx_word' id='word_1_371' title='bbox 1153 2549 1198 2606; x_wconf 75' lang='lat'><strong><em>29.</em></strong></span> <span class='ocrx_word' id='word_1_372' title='bbox 1213 2549 1285 2606; x_wconf 83' lang='lat' dir='ltr'><strong><em>Euo.</em></strong></span> 
     </span>
    </p>
   </div>
   <div class='ocr_carea' id='block_1_9' title="bbox 247 2774 1926 3035">
    <p class='ocr_par' dir='ltr' id='par_1_10' title="bbox 247 2774 1926 3035">
     <span class='ocr_line' id='line_1_27' title="bbox 509 2774 1922 2852; baseline -0.006 -14"><span class='ocrx_word' id='word_1_373' title='bbox 509 2781 624 2840; x_wconf 75' lang='lat' dir='ltr'><strong><em>CAPUT</em></strong></span> <span class='ocrx_word' id='word_1_374' title='bbox 643 2779 800 2838; x_wconf 80' lang='lat' dir='ltr'><strong>PRIMUM.</strong></span> <span class='ocrx_word' id='word_1_375' title='bbox 1082 2778 1211 2850; x_wconf 70' lang='lat' dir='ltr'><strong><em>Aloeus</em></strong></span> <span class='ocrx_word' id='word_1_376' title='bbox 1225 2778 1361 2838; x_wconf 86' lang='lat' dir='ltr'><strong><em>Christus</em></strong></span> <span class='ocrx_word' id='word_1_377' title='bbox 1387 2779 1528 2838; x_wconf 83' lang='lat' dir='ltr'><strong><em>Dominus</em></strong></span> <span class='ocrx_word' id='word_1_378' title='bbox 1553 2783 1662 2852; x_wconf 89' lang='lat' dir='ltr'><strong><em>noster,</em></strong></span> <span class='ocrx_word' id='word_1_379' title='bbox 1685 2779 1770 2838; x_wconf 88' lang='lat' dir='ltr'><strong><em>nohis</em></strong></span> <span class='ocrx_word' id='word_1_380' title='bbox 1793 2774 1922 2852; x_wconf 84' lang='lat' dir='ltr'><strong><em>discipulis</em></strong></span> 
     </span>
     <span class='ocr_line' id='line_1_28' title="bbox 282 2868 1924 2956; baseline -0.009 -22"><span class='ocrx_word' id='word_1_381' title='bbox 282 2875 332 2934; x_wconf 85' lang='lat' dir='ltr'><strong><em>Dei</em></strong></span> <span class='ocrx_word' id='word_1_382' title='bbox 347 2873 470 2948; x_wconf 83' lang='lat' dir='ltr'><strong><em>spiritus</em></strong></span> <span class='ocrx_word' id='word_1_383' title='bbox 486 2873 523 2946; x_wconf 83' lang='grc'><strong><em>(2)</em></strong></span> <span class='ocrx_word' id='word_1_384' title='bbox 538 2876 567 2930; x_wconf 91' lang='lat' dir='ltr'><strong><em>et</em></strong></span> <span class='ocrx_word' id='word_1_385' title='bbox 581 2871 631 2929; x_wconf 87' lang='lat' dir='ltr'><strong><em>Dei</em></strong></span> <span class='ocrx_word' id='word_1_386' title='bbox 649 2888 757 2940; x_wconf 90' lang='lat' dir='ltr'><strong><em>sermo,</em></strong></span> <span class='ocrx_word' id='word_1_387' title='bbox 773 2875 801 2926; x_wconf 91' lang='lat' dir='ltr'><strong><em>et</em></strong></span> <span class='ocrx_word' id='word_1_388' title='bbox 817 2869 867 2926; x_wconf 86' lang='lat' dir='ltr'><strong><em>Dei</em></strong></span> <span class='ocrx_word' id='word_1_389' title='bbox 888 2868 962 2925; x_wconf 88' lang='lat' dir='ltr'><strong><em>ratio</em></strong></span> <span class='ocrx_word' id='word_1_390' title='bbox 978 2871 1027 2942; x_wconf 91' lang='grc'><strong><em>(3),</em></strong></span> <span class='ocrx_word' id='word_1_391' title='bbox 1043 2872 1072 2925; x_wconf 87' lang='lat' dir='ltr'><strong><em>et</em></strong></span> <span class='ocrx_word' id='word_1_392' title='bbox 1126 2870 1226 2928; x_wconf 79' lang='lat' dir='ltr'><strong><em>sset</em></strong></span> <span class='ocrx_word' id='word_1_393' title='bbox 1246 2869 1332 2926; x_wconf 87' lang='lat' dir='ltr'><strong><em>novi¹</em></strong></span> <span class='ocrx_word' id='word_1_394' title='bbox 1348 2869 1534 2956; x_wconf 32' lang='lat' dir='ltr'><strong><em>Testamenti.</em></strong></span> <span class='ocrx_word' id='word_1_395' title='bbox 1544 2885 1649 2928; x_wconf 87' lang='lat' dir='ltr'><strong><em>novam</em></strong></span> <span class='ocrx_word' id='word_1_396' title='bbox 1668 2868 1808 2928; x_wconf 84' lang='lat' dir='ltr'><strong><em>orationis</em></strong></span> <span class='ocrx_word' id='word_1_397' title='bbox 1821 2869 1924 2925; x_wconf 85' lang='lat' dir='ltr'><strong><em>formam</em></strong></span> 
     </span>
     <span class='ocr_line' id='line_1_29' title="bbox 247 2952 1926 3035; baseline -0.008 -14"><span class='ocrx_word' id='word_1_398' title='bbox 247 2981 342 3023; x_wconf 90' lang='lat' dir='ltr'><strong><em>sermo</em></strong></span> <span class='ocrx_word' id='word_1_399' title='bbox 371 2961 494 3022; x_wconf 85' lang='lat' dir='ltr'><strong><em>rationis</em></strong></span> <span class='ocrx_word' id='word_1_400' title='bbox 510 2960 549 3035; x_wconf 85' lang='grc'><strong><em>(1)</em></strong></span> <span class='ocrx_word' id='word_1_401' title='bbox 576 2965 606 3016; x_wconf 89' lang='lat' dir='ltr'><strong><em>et</em></strong></span> <span class='ocrx_word' id='word_1_402' title='bbox 625 2959 699 3017; x_wconf 86' lang='lat' dir='ltr'><strong><em>ratio</em></strong></span> <span class='ocrx_word' id='word_1_403' title='bbox 727 2958 882 3026; x_wconf 85' lang='lat' dir='ltr'><strong><em>sermonis,</em></strong></span> <span class='ocrx_word' id='word_1_404' title='bbox 911 2961 1072 3030; x_wconf 88' lang='lat' dir='ltr'><strong><em>utrumque</em></strong></span> <span class='ocrx_word' id='word_1_405' title='bbox 1127 2957 1342 3016; x_wconf 82' lang='lat' dir='ltr'><strong><em>determinavit.</em></strong></span> <span class='ocrx_word' id='word_1_406' title='bbox 1355 2959 1513 3032; x_wconf 85' lang='lat' dir='ltr'><strong><em>Oportebat</em></strong></span> <span class='ocrx_word' id='word_1_407' title='bbox 1522 2959 1601 3017; x_wconf 87' lang='lat' dir='ltr'><strong><em>enim</em></strong></span> <span class='ocrx_word' id='word_1_408' title='bbox 1616 2957 1646 3015; x_wconf 91' lang='lat' dir='ltr'><strong><em>iu</em></strong></span> <span class='ocrx_word' id='word_1_409' title='bbox 1658 2958 1716 3017; x_wconf 87' lang='lat' dir='ltr'><strong><em>huo</em></strong></span> <span class='ocrx_word' id='word_1_410' title='bbox 1728 2972 1839 3032; x_wconf 88' lang='lat' dir='ltr'><strong><em>quoquo</em></strong></span> <span class='ocrx_word' id='word_1_411' title='bbox 1848 2952 1926 3028; x_wconf 85' lang='lat' dir='ltr'><strong><em>pecie</em></strong></span> 
     </span>
    </p>
   </div>
   <div class='ocr_carea' id='block_1_10' title="bbox 963 3057 1248 3121">
    <p class='ocr_par' dir='ltr' id='par_1_11' title="bbox 963 3057 1248 3121">
     <span class='ocr_line' id='line_1_30' title="bbox 963 3057 1248 3121; baseline 0 -1"><span class='ocrx_word' id='word_1_412' title='bbox 963 3059 1064 3120; x_wconf 71' lang='lat' dir='ltr'><strong><em>Varie</em></strong></span> <span class='ocrx_word' id='word_1_413' title='bbox 1087 3057 1248 3121; x_wconf 86' lang='lat' dir='ltr'><strong><em>lectiones.</em></strong></span> 
     </span>
    </p>
   </div>
   <div class='ocr_carea' id='block_1_11' title="bbox 282 3148 1223 3290">
    <p class='ocr_par' dir='ltr' id='par_1_12' title="bbox 282 3148 1223 3290">
     <span class='ocr_line' id='line_1_31' title="bbox 282 3148 761 3224; baseline -0.013 -13"><span class='ocrx_word' id='word_1_414' title='bbox 282 3157 290 3192; x_wconf 92' lang='lat'><strong>¹</strong></span> <span class='ocrx_word' id='word_1_415' title='bbox 307 3152 397 3212; x_wconf 89' lang='lat' dir='ltr'><strong><em>Nabis</em></strong></span> <span class='ocrx_word' id='word_1_416' title='bbox 412 3151 610 3209; x_wconf 84' lang='lat' dir='ltr'><strong><em>deletSemler.</em></strong></span> <span class='ocrx_word' id='word_1_417' title='bbox 627 3148 735 3207; x_wconf 81' lang='lat' dir='ltr'><strong><em>oberth.</em></strong></span> <span class='ocrx_word' id='word_1_418' title='bbox 756 3221 761 3224; x_wconf 62' lang='lat'><strong><em>.,</em></strong></span> 
     </span>
     <span class='ocr_line' id='line_1_32' title="bbox 964 3227 1223 3290; baseline 0 0"><span class='ocrx_word' id='word_1_419' title='bbox 964 3227 1223 3290; x_wconf 78' lang='lat' dir='ltr'><strong><em>Commentarius.</em></strong></span> 
     </span>
    </p>
   </div>
   <div class='ocr_carea' id='block_1_12' title="bbox 282 3333 1926 3411">
    <p class='ocr_par' dir='ltr' id='par_1_13' title="bbox 282 3333 1926 3411">
     <span class='ocr_line' id='line_1_33' title="bbox 282 3333 1926 3411; baseline -0.005 -18"><span class='ocrx_word' id='word_1_420' title='bbox 282 3339 319 3408; x_wconf 88' lang='grc'><strong><em>(2)</em></strong></span> <span class='ocrx_word' id='word_1_421' title='bbox 336 3339 385 3395; x_wconf 84' lang='lat' dir='ltr'><strong><em>ltei</em></strong></span> <span class='ocrx_word' id='word_1_422' title='bbox 414 3339 540 3411; x_wconf 89' lang='lat' dir='ltr'><strong><em>spiritus.</em></strong></span> <span class='ocrx_word' id='word_1_423' title='bbox 569 3335 632 3392; x_wconf 93' lang='lat' dir='ltr'><strong><em>Non</em></strong></span> <span class='ocrx_word' id='word_1_424' title='bbox 662 3335 708 3392; x_wconf 90' lang='lat' dir='ltr'><strong><em>hic</em></strong></span> <span class='ocrx_word' id='word_1_425' title='bbox 735 3336 932 3402; x_wconf 89' lang='lat' dir='ltr'><strong><em>tantum,sed</em></strong></span> <span class='ocrx_word' id='word_1_426' title='bbox 961 3333 1075 3390; x_wconf 86' lang='lat' dir='ltr'><strong><em>etalibi</em></strong></span> <span class='ocrx_word' id='word_1_427' title='bbox 1128 3333 1235 3390; x_wconf 88' lang='lat' dir='ltr'><strong><em>molem</em></strong></span> <span class='ocrx_word' id='word_1_428' title='bbox 1252 3333 1339 3390; x_wconf 83' lang='lat' dir='ltr'><strong><em>istam</em></strong></span> <span class='ocrx_word' id='word_1_429' title='bbox 1351 3333 1508 3391; x_wconf 90' lang='lat' dir='ltr'><strong><em>cumomni</em></strong></span> <span class='ocrx_word' id='word_1_430' title='bbox 1519 3333 1926 3394; x_wconf 76' lang='lat' dir='ltr'><strong><em>iustrumentoelameutorum</em></strong></span> 
     </span>
    </p>
   </div>
   <div class='ocr_carea' id='block_1_13' title="bbox 246 3403 2019 3550">
    <p class='ocr_par' dir='ltr' id='par_1_14' title="bbox 246 3403 2019 3550">
     <span class='ocr_line' id='line_1_34' title="bbox 246 3403 2019 3494; baseline -0.006 -28"><span class='ocrx_word' id='word_1_431' title='bbox 246 3411 383 3472; x_wconf 76' lang='lat' dir='ltr'><strong><em>Christus</em></strong></span> <span class='ocrx_word' id='word_1_432' title='bbox 398 3425 426 3494; x_wconf 40' lang='lat' dir='ltr'><strong><em>a·</em></strong></span> <span class='ocrx_word' id='word_1_433' title='bbox 439 3408 619 3466; x_wconf 81' lang='lat' dir='ltr'><strong><em>Tertulliano</em></strong></span> <span class='ocrx_word' id='word_1_434' title='bbox 643 3408 692 3463; x_wconf 84' lang='lat' dir='ltr'><strong><em>ltei</em></strong></span> <span class='ocrx_word' id='word_1_435' title='bbox 713 3410 829 3479; x_wconf 88' lang='lat' dir='ltr'><strong><em>spiritus</em></strong></span> <span class='ocrx_word' id='word_1_436' title='bbox 853 3406 1028 3488; x_wconf 81' lang='lat' dir='ltr'><strong><em>appellatur,</em></strong></span> <span class='ocrx_word' id='word_1_437' title='bbox 1041 3410 1074 3461; x_wconf 91' lang='lat' dir='ltr'><strong><em>ut</em></strong></span> <span class='ocrx_word' id='word_1_438' title='bbox 1129 3421 1294 3490; x_wconf 78' lang='lat' dir='ltr'><strong><em>corporum,</em></strong></span> <span class='ocrx_word' id='word_1_439' title='bbox 1311 3405 1482 3490; x_wconf 79' lang='lat' dir='ltr'><strong><em>spirituum,</em></strong></span> <span class='ocrx_word' id='word_1_440' title='bbox 1504 3408 1601 3480; x_wconf 90' lang='lat' dir='ltr'><strong><em>verbo,</em></strong></span> <span class='ocrx_word' id='word_1_441' title='bbox 1622 3423 1681 3477; x_wconf 82' lang='lat' dir='ltr'><strong><em>quo</em></strong></span> <span class='ocrx_word' id='word_1_442' title='bbox 1702 3407 1803 3480; x_wconf 86' lang='lat' dir='ltr'><strong><em>jussit,</em></strong></span> <span class='ocrx_word' id='word_1_443' title='bbox 1825 3403 1926 3466; x_wconf 87' lang='lat' dir='ltr'><strong><em>rationo,</em></strong></span> <span class='ocrx_word' id='word_1_444' title='bbox 2018 3419 2019 3472; x_wconf 81' lang='lat' dir='ltr'>j</span> 
     </span>
     <span class='ocr_line' id='line_1_35' title="bbox 246 3475 2019 3550; baseline -0.005 -12"><span class='ocrx_word' id='word_1_445' title='bbox 246 3483 344 3540; x_wconf 85' lang='lat' dir='ltr'><strong><em>videro</em></strong></span> <span class='ocrx_word' id='word_1_446' title='bbox 359 3485 405 3536; x_wconf 88' lang='lat' dir='ltr'><strong><em>est</em></strong></span> <span class='ocrx_word' id='word_1_447' title='bbox 419 3497 448 3536; x_wconf 90' lang='grc' dir='ltr'><strong><em>ιιι</em></strong></span> <span class='ocrx_word' id='word_1_448' title='bbox 460 3481 584 3550; x_wconf 69' lang='grc' dir='ltr'>Αριωρ,</span> <span class='ocrx_word' id='word_1_449' title='bbox 597 3495 662 3548; x_wconf 85' lang='lat' dir='ltr'><strong><em>usp.</em></strong></span> <span class='ocrx_word' id='word_1_450' title='bbox 679 3480 725 3546; x_wconf 83' lang='lat'><strong><em>21,</em></strong></span> <span class='ocrx_word' id='word_1_451' title='bbox 741 3483 770 3534; x_wconf 88' lang='lat' dir='ltr'><strong><em>at</em></strong></span> <span class='ocrx_word' id='word_1_452' title='bbox 784 3479 916 3536; x_wconf 73' lang='lat' dir='ltr'><strong><em>adoneus</em></strong></span> <span class='ocrx_word' id='word_1_453' title='bbox 930 3479 1072 3546; x_wconf 72' lang='lat' dir='ltr'><strong><em>barason,</em></strong></span> <span class='ocrx_word' id='word_1_454' title='bbox 1128 3493 1186 3548; x_wconf 86' lang='lat' dir='ltr'><strong><em>qua</em></strong></span> <span class='ocrx_word' id='word_1_455' title='bbox 1208 3478 1364 3550; x_wconf 75' lang='lat' dir='ltr'><strong><em>disposuit,</em></strong></span> <span class='ocrx_word' id='word_1_456' title='bbox 1389 3477 1507 3549; x_wconf 88' lang='lat' dir='ltr'><strong><em>virtute,</em></strong></span> <span class='ocrx_word' id='word_1_457' title='bbox 1531 3495 1590 3550; x_wconf 89' lang='lat' dir='ltr'><strong><em>qus</em></strong></span> <span class='ocrx_word' id='word_1_458' title='bbox 1613 3479 1723 3550; x_wconf 87' lang='lat' dir='ltr'><strong><em>potuit,</em></strong></span> <span class='ocrx_word' id='word_1_459' title='bbox 1740 3479 1776 3534; x_wconf 89' lang='lat' dir='ltr'><strong><em>de</em></strong></span> <span class='ocrx_word' id='word_1_460' title='bbox 1797 3475 1878 3533; x_wconf 89' lang='lat' dir='ltr'><strong><em>nihilo</em></strong></span> <span class='ocrx_word' id='word_1_461' title='bbox 1890 3489 1926 3528; x_wconf 88' lang='lat' dir='ltr'><strong><em>er·</em></strong></span> <span class='ocrx_word' id='word_1_462' title='bbox 2018 3505 2019 3530; x_wconf 83' lang='lat' dir='ltr'><strong><em>t</em></strong></span> 
     </span>
    </p>
   </div>
   <div class='ocr_carea' id='block_1_14' title="bbox 243 3547 1928 4124">
    <p class='ocr_par' dir='ltr' id='par_1_15' title="bbox 246 3547 1928 3696">
     <span class='ocr_line' id='line_1_36' title="bbox 246 3547 1928 3623; baseline -0.002 -14"><span class='ocrx_word' id='word_1_463' title='bbox 246 3553 298 3609; x_wconf 90' lang='lat' dir='ltr'><strong><em>lib.</em></strong></span> <span class='ocrx_word' id='word_1_464' title='bbox 315 3572 335 3620; x_wconf 90' lang='lat' dir='ltr'><strong><em>t,</em></strong></span> <span class='ocrx_word' id='word_1_465' title='bbox 352 3568 415 3623; x_wconf 89' lang='lat' dir='ltr'><strong><em>cap.</em></strong></span> <span class='ocrx_word' id='word_1_466' title='bbox 440 3552 484 3617; x_wconf 91' lang='grc'><strong><em>10,</em></strong></span> <span class='ocrx_word' id='word_1_467' title='bbox 510 3556 539 3606; x_wconf 86' lang='lat' dir='ltr'><strong><em>et</em></strong></span> <span class='ocrx_word' id='word_1_468' title='bbox 555 3550 605 3606; x_wconf 92' lang='lat' dir='ltr'><strong><em>lib.</em></strong></span> <span class='ocrx_word' id='word_1_469' title='bbox 632 3565 674 3616; x_wconf 89' lang='grc' dir='ltr'>ιιι,</span> <span class='ocrx_word' id='word_1_470' title='bbox 690 3565 753 3622; x_wconf 88' lang='lat' dir='ltr'><strong><em>cup.</em></strong></span> <span class='ocrx_word' id='word_1_471' title='bbox 778 3551 795 3604; x_wconf 86' lang='lat'>6</span> <span class='ocrx_word' id='word_1_472' title='bbox 810 3557 839 3606; x_wconf 90' lang='lat' dir='ltr'><strong><em>et</em></strong></span> <span class='ocrx_word' id='word_1_473' title='bbox 863 3551 907 3616; x_wconf 85' lang='lat' dir='ltr'><strong><em>lh,</em></strong></span> <span class='ocrx_word' id='word_1_474' title='bbox 923 3552 951 3605; x_wconf 87' lang='lat' dir='ltr'><strong><em>et</em></strong></span> <span class='ocrx_word' id='word_1_475' title='bbox 966 3548 1016 3603; x_wconf 92' lang='lat' dir='ltr'><strong><em>lib.</em></strong></span> <span class='ocrx_word' id='word_1_476' title='bbox 1033 3565 1072 3618; x_wconf 84' lang='lat' dir='ltr'><strong><em>tv,</em></strong></span> <span class='ocrx_word' id='word_1_477' title='bbox 1127 3549 1234 3621; x_wconf 87' lang='lat' dir='ltr'><strong><em>pressit</em></strong></span> <span class='ocrx_word' id='word_1_478' title='bbox 1248 3549 1277 3604; x_wconf 91' lang='lat' dir='ltr'><strong><em>iu</em></strong></span> <span class='ocrx_word' id='word_1_479' title='bbox 1294 3553 1498 3606; x_wconf 88' lang='lat' dir='ltr'><strong><em>ornamentum</em></strong></span> <span class='ocrx_word' id='word_1_480' title='bbox 1515 3551 1683 3623; x_wconf 78' lang='lat' dir='ltr'><strong><em>mejestatis</em></strong></span> <span class='ocrx_word' id='word_1_481' title='bbox 1708 3567 1778 3609; x_wconf 82' lang='lat' dir='ltr'><strong><em>sua.</em></strong></span> <span class='ocrx_word' id='word_1_482' title='bbox 1796 3571 1810 3600; x_wconf 79' lang='lat' dir='ltr'><strong><em>a</em></strong></span> <span class='ocrx_word' id='word_1_483' title='bbox 1823 3547 1853 3605; x_wconf 85' lang='lat' dir='ltr'><strong><em>G.</em></strong></span> <span class='ocrx_word' id='word_1_484' title='bbox 1866 3549 1928 3601; x_wconf 80' lang='lat' dir='ltr'><strong><em>Pst-</em></strong></span> 
     </span>
     <span class='ocr_line' id='line_1_37' title="bbox 246 3619 1220 3696; baseline -0.003 -16"><span class='ocrx_word' id='word_1_485' title='bbox 246 3640 310 3696; x_wconf 89' lang='lat' dir='ltr'><strong><em>oap.</em></strong></span> <span class='ocrx_word' id='word_1_486' title='bbox 326 3624 372 3693; x_wconf 88' lang='lat'><strong><em>21,</em></strong></span> <span class='ocrx_word' id='word_1_487' title='bbox 390 3625 418 3678; x_wconf 88' lang='lat' dir='ltr'><strong><em>et</em></strong></span> <span class='ocrx_word' id='word_1_488' title='bbox 431 3621 561 3679; x_wconf 81' lang='lat' dir='ltr'><strong><em>aduersus</em></strong></span> <span class='ocrx_word' id='word_1_489' title='bbox 583 3626 730 3690; x_wconf 77' lang='lat' dir='ltr'><strong><em>Proetum,</em></strong></span> <span class='ocrx_word' id='word_1_490' title='bbox 757 3637 822 3693; x_wconf 84' lang='lat' dir='ltr'><strong><em>cup.</em></strong></span> <span class='ocrx_word' id='word_1_491' title='bbox 838 3621 883 3676; x_wconf 72' lang='lat'><strong><em>26.</em></strong></span> <span class='ocrx_word' id='word_1_492' title='bbox 907 3619 1072 3693; x_wconf 78' lang='lat' dir='ltr'><strong><em>Appellatio</em></strong></span> <span class='ocrx_word' id='word_1_493' title='bbox 1118 3636 1220 3678; x_wconf 71' lang='lat' dir='ltr'><strong><em>,utnon</em></strong></span> 
     </span>
    </p>

    <p class='ocr_par' dir='ltr' id='par_1_16' title="bbox 243 3681 1928 4124">
     <span class='ocr_line' id='line_1_38' title="bbox 246 3681 1926 3776; baseline -0.005 -25"><span class='ocrx_word' id='word_1_494' title='bbox 246 3700 324 3752; x_wconf 89' lang='lat' dir='ltr'><strong><em>certe</em></strong></span> <span class='ocrx_word' id='word_1_495' title='bbox 339 3693 448 3750; x_wconf 86' lang='lat' dir='ltr'><strong><em>nostris</em></strong></span> <span class='ocrx_word' id='word_1_496' title='bbox 463 3709 542 3748; x_wconf 88' lang='lat' dir='ltr'><strong><em>nnnc</em></strong></span> <span class='ocrx_word' id='word_1_497' title='bbox 567 3690 690 3748; x_wconf 89' lang='lat' dir='ltr'><strong><em>auribus</em></strong></span> <span class='ocrx_word' id='word_1_498' title='bbox 714 3690 790 3748; x_wconf 86' lang='lat' dir='ltr'><strong><em>male</em></strong></span> <span class='ocrx_word' id='word_1_499' title='bbox 812 3709 933 3758; x_wconf 88' lang='lat' dir='ltr'><strong><em>sonans,</em></strong></span> <span class='ocrx_word' id='word_1_500' title='bbox 948 3697 978 3748; x_wconf 87' lang='lat' dir='ltr'><strong><em>st</em></strong></span> <span class='ocrx_word' id='word_1_501' title='bbox 992 3695 1071 3748; x_wconf 85' lang='lat' dir='ltr'><strong><em>vota·</em></strong></span> <span class='ocrx_word' id='word_1_502' title='bbox 1161 3693 1200 3776; x_wconf 87' lang='grc'><strong><em>(3)</em></strong></span> <span class='ocrx_word' id='word_1_503' title='bbox 1216 3692 1264 3748; x_wconf 82' lang='lat' dir='ltr'><strong><em>oct</em></strong></span> <span class='ocrx_word' id='word_1_504' title='bbox 1275 3709 1367 3748; x_wconf 82' lang='lat' dir='ltr'><strong><em>sermo</em></strong></span> <span class='ocrx_word' id='word_1_505' title='bbox 1381 3699 1408 3748; x_wconf 91' lang='lat' dir='ltr'><strong><em>ct</em></strong></span> <span class='ocrx_word' id='word_1_506' title='bbox 1422 3693 1473 3748; x_wconf 84' lang='lat' dir='ltr'><strong><em>Dei</em></strong></span> <span class='ocrx_word' id='word_1_507' title='bbox 1495 3694 1576 3749; x_wconf 86' lang='lat' dir='ltr'><strong><em>ratio.</em></strong></span> <span class='ocrx_word' id='word_1_508' title='bbox 1602 3692 1694 3766; x_wconf 77' lang='grc' dir='ltr'><strong>Λόγος</strong></span> <span class='ocrx_word' id='word_1_509' title='bbox 1719 3689 1863 3774; x_wconf 85' lang='lat' dir='ltr'><strong><em>proprium</em></strong></span> <span class='ocrx_word' id='word_1_510' title='bbox 1876 3681 1926 3742; x_wconf 82' lang='lat' dir='ltr'><strong><em>Filii</em></strong></span> 
     </span>
     <span class='ocr_line' id='line_1_39' title="bbox 246 3762 1927 3839; baseline -0.005 -17"><span class='ocrx_word' id='word_1_511' title='bbox 246 3767 329 3822; x_wconf 90' lang='lat' dir='ltr'><strong><em>rihus</em></strong></span> <span class='ocrx_word' id='word_1_512' title='bbox 358 3764 548 3838; x_wconf 83' lang='lat' dir='ltr'><strong><em>quibusdam,</em></strong></span> <span class='ocrx_word' id='word_1_513' title='bbox 577 3763 712 3834; x_wconf 81' lang='lat' dir='ltr'><strong><em>hereses,</em></strong></span> <span class='ocrx_word' id='word_1_514' title='bbox 743 3779 807 3836; x_wconf 79' lang='lat' dir='ltr'><strong><em>que</em></strong></span> <span class='ocrx_word' id='word_1_515' title='bbox 837 3763 942 3821; x_wconf 85' lang='lat' dir='ltr'><strong><em>deiude</em></strong></span> <span class='ocrx_word' id='word_1_516' title='bbox 964 3763 1070 3820; x_wconf 87' lang='lat' dir='ltr'><strong><em>obortre</em></strong></span> <span class='ocrx_word' id='word_1_517' title='bbox 1124 3763 1397 3836; x_wconf 78' lang='lat' dir='ltr'><strong><em>Deuspudliraooa</em></strong></span> <span class='ocrx_word' id='word_1_518' title='bbox 1419 3780 1526 3821; x_wconf 89' lang='lat' dir='ltr'><strong><em>nomen</em></strong></span> <span class='ocrx_word' id='word_1_519' title='bbox 1547 3764 1752 3821; x_wconf 86' lang='lat' dir='ltr'><strong><em>variuslatine</em></strong></span> <span class='ocrx_word' id='word_1_520' title='bbox 1775 3762 1927 3839; x_wconf 72' lang='lat' dir='ltr'><strong><em>interpretu-</em></strong></span> 
     </span>
     <span class='ocr_line' id='line_1_40' title="bbox 244 3833 1927 3904; baseline -0.002 -8"><span class='ocrx_word' id='word_1_521' title='bbox 244 3843 324 3904; x_wconf 87' lang='lat' dir='ltr'><strong><em>suut,</em></strong></span> <span class='ocrx_word' id='word_1_522' title='bbox 342 3835 525 3894; x_wconf 89' lang='lat' dir='ltr'><strong><em>anteoculos</em></strong></span> <span class='ocrx_word' id='word_1_523' title='bbox 548 3852 606 3892; x_wconf 90' lang='lat' dir='ltr'><strong><em>non</em></strong></span> <span class='ocrx_word' id='word_1_524' title='bbox 632 3835 819 3904; x_wconf 85' lang='lat' dir='ltr'><strong><em>habentibus,</em></strong></span> <span class='ocrx_word' id='word_1_525' title='bbox 850 3835 1070 3892; x_wconf 88' lang='lat' dir='ltr'><strong><em>incauteusur-</em></strong></span> <span class='ocrx_word' id='word_1_526' title='bbox 1125 3835 1221 3892; x_wconf 85' lang='lat' dir='ltr'><strong><em>tiones</em></strong></span> <span class='ocrx_word' id='word_1_527' title='bbox 1248 3835 1359 3902; x_wconf 87' lang='lat' dir='ltr'><strong><em>habuit,</em></strong></span> <span class='ocrx_word' id='word_1_528' title='bbox 1388 3853 1451 3892; x_wconf 89' lang='lat' dir='ltr'><strong><em>nem</em></strong></span> <span class='ocrx_word' id='word_1_529' title='bbox 1475 3853 1491 3892; x_wconf 92' lang='lat' dir='ltr'><strong><em>e</em></strong></span> <span class='ocrx_word' id='word_1_530' title='bbox 1521 3837 1610 3902; x_wconf 80' lang='lat' dir='ltr'><strong><em>Verbi,</em></strong></span> <span class='ocrx_word' id='word_1_531' title='bbox 1625 3836 1782 3901; x_wconf 85' lang='lat' dir='ltr'><strong><em>Sermonis,</em></strong></span> <span class='ocrx_word' id='word_1_532' title='bbox 1811 3833 1927 3892; x_wconf 71' lang='lat' dir='ltr'><strong><em>onoma</em></strong></span> 
     </span>
     <span class='ocr_line' id='line_1_41' title="bbox 245 3853 1473 3981; baseline -0.002 -15"><span class='ocrx_word' id='word_1_533' title='bbox 245 3916 321 3981; x_wconf 89' lang='lat' dir='ltr'><strong><em>pala.</em></strong></span> <span class='ocrx_word' id='word_1_534' title='bbox 338 3909 369 3965; x_wconf 93' lang='lat' dir='ltr'><strong><em>In</em></strong></span> <span class='ocrx_word' id='word_1_535' title='bbox 385 3924 418 3964; x_wconf 89' lang='lat' dir='ltr'><strong><em>ea</em></strong></span> <span class='ocrx_word' id='word_1_536' title='bbox 444 3908 631 3981; x_wconf 89' lang='lat' dir='ltr'><strong><em>potissimum</em></strong></span> <span class='ocrx_word' id='word_1_537' title='bbox 658 3907 803 3963; x_wconf 86' lang='lat' dir='ltr'><strong><em>sententis</em></strong></span> <span class='ocrx_word' id='word_1_538' title='bbox 823 3907 877 3964; x_wconf 86' lang='lat' dir='ltr'><strong><em>luit</em></strong></span> <span class='ocrx_word' id='word_1_539' title='bbox 902 3908 1069 3964; x_wconf 85' lang='lat' dir='ltr'><strong><em>Lactantius</em></strong></span> <span class='ocrx_word' id='word_1_540' title='bbox 1126 3853 1473 3964; x_wconf 60' lang='lat' dir='ltr'><strong><em>Latinisbisoanominiss</em></strong></span> 
     </span>
     <span class='ocr_line' id='line_1_42' title="bbox 246 3971 1928 4052; baseline -0.007 -15"><span class='ocrx_word' id='word_1_541' title='bbox 246 3982 421 4045; x_wconf 81' lang='lat' dir='ltr'><strong><em>Firmianus,</em></strong></span> <span class='ocrx_word' id='word_1_542' title='bbox 437 3986 511 4037; x_wconf 88' lang='lat' dir='ltr'><strong><em>teste</em></strong></span> <span class='ocrx_word' id='word_1_543' title='bbox 526 3985 627 4035; x_wconf 88' lang='lat' dir='ltr'><strong><em>sancto</em></strong></span> <span class='ocrx_word' id='word_1_544' title='bbox 650 3977 824 4050; x_wconf 82' lang='lat' dir='ltr'><strong><em>Hieronymo</em></strong></span> <span class='ocrx_word' id='word_1_545' title='bbox 848 3979 877 4034; x_wconf 90' lang='lat' dir='ltr'><strong><em>in</em></strong></span> <span class='ocrx_word' id='word_1_546' title='bbox 894 3978 1018 4052; x_wconf 87' lang='lat' dir='ltr'><strong><em>epistola</em></strong></span> <span class='ocrx_word' id='word_1_547' title='bbox 1033 3981 1067 4035; x_wconf 89' lang='lat' dir='ltr'><strong><em>ad</em></strong></span> <span class='ocrx_word' id='word_1_548' title='bbox 1085 3977 1107 4042; x_wconf 87' lang='grc' dir='ltr'>Β</span> <span class='ocrx_word' id='word_1_549' title='bbox 1122 3978 1255 4035; x_wconf 77' lang='lat' dir='ltr'><strong><em>Ecclesiae</em></strong></span> <span class='ocrx_word' id='word_1_550' title='bbox 1282 3979 1450 4050; x_wconf 88' lang='lat' dir='ltr'><strong><em>scriptores,</em></strong></span> <span class='ocrx_word' id='word_1_551' title='bbox 1476 3984 1509 4035; x_wconf 89' lang='lat' dir='ltr'><strong><em>ut</em></strong></span> <span class='ocrx_word' id='word_1_552' title='bbox 1531 3979 1609 4035; x_wconf 89' lang='lat' dir='ltr'><strong><em>idem</em></strong></span> <span class='ocrx_word' id='word_1_553' title='bbox 1632 3979 1657 4035; x_wconf 90' lang='lat' dir='ltr'><strong><em>si</em></strong></span> <span class='ocrx_word' id='word_1_554' title='bbox 1682 3979 1842 4034; x_wconf 84' lang='lat' dir='ltr'><strong><em>nillouronl.</em></strong></span> <span class='ocrx_word' id='word_1_555' title='bbox 1862 3971 1928 4029; x_wconf 85' lang='lat' dir='ltr'><strong><em>h&#39;unu</em></strong></span> 
     </span>
     <span class='ocr_line' id='line_1_43' title="bbox 243 4050 1790 4124; baseline -0.003 -15"><span class='ocrx_word' id='word_1_556' title='bbox 243 4052 463 4110; x_wconf 78' lang='lat' dir='ltr'><strong><em>Pumm==chium</em></strong></span> <span class='ocrx_word' id='word_1_557' title='bbox 480 4057 509 4108; x_wconf 85' lang='lat' dir='ltr'><strong><em>et</em></strong></span> <span class='ocrx_word' id='word_1_558' title='bbox 521 4052 669 4108; x_wconf 85' lang='lat' dir='ltr'><strong><em>Oceanum</em></strong></span> <span class='ocrx_word' id='word_1_559' title='bbox 695 4052 730 4106; x_wconf 91' lang='lat' dir='ltr'><strong><em>do</em></strong></span> <span class='ocrx_word' id='word_1_560' title='bbox 745 4050 900 4107; x_wconf 76' lang='lat' dir='ltr'><strong><em>Erroribus</em></strong></span> <span class='ocrx_word' id='word_1_561' title='bbox 914 4051 1068 4123; x_wconf 81' lang='lat' dir='ltr'><strong><em>origenis:</em></strong></span> <span class='ocrx_word' id='word_1_562' title='bbox 1124 4050 1265 4106; x_wconf 86' lang='lat' dir='ltr'><strong><em>libentius</em></strong></span> <span class='ocrx_word' id='word_1_563' title='bbox 1284 4052 1395 4106; x_wconf 88' lang='lat' dir='ltr'><strong><em>Verbum</em></strong></span> <span class='ocrx_word' id='word_1_564' title='bbox 1411 4051 1653 4124; x_wconf 88' lang='lat' dir='ltr'><strong><em>interpretamur.</em></strong></span> <span class='ocrx_word' id='word_1_565' title='bbox 1706 4065 1790 4107; x_wconf 75' lang='lat' dir='ltr'><strong><em>uuor.</em></strong></span> 
     </span>
    </p>
   </div>
   <div class='ocr_carea' id='block_1_15' title="bbox 1474 3906 2019 3979">
    <p class='ocr_par' dir='ltr' id='par_1_17' title="bbox 1474 3906 2019 3979">
     <span class='ocr_line' id='line_1_44' title="bbox 1474 3906 2019 3979; baseline -0.007 -17"><span class='ocrx_word' id='word_1_566' title='bbox 1474 3923 1509 3962; x_wconf 88' lang='lat' dir='ltr'><strong><em>us</em></strong></span> <span class='ocrx_word' id='word_1_567' title='bbox 1520 3909 1691 3979; x_wconf 71' lang='lat' dir='ltr'><strong><em>utrnmiseue</em></strong></span> <span class='ocrx_word' id='word_1_568' title='bbox 1702 3906 1748 3963; x_wconf 87' lang='lat' dir='ltr'><strong><em>usi</em></strong></span> <span class='ocrx_word' id='word_1_569' title='bbox 1760 3909 1828 3960; x_wconf 91' lang='lat' dir='ltr'><strong><em>suut</em></strong></span> <span class='ocrx_word' id='word_1_570' title='bbox 1836 3909 1927 3960; x_wconf 81' lang='lat' dir='ltr'><strong><em>vetans</em></strong></span> <span class='ocrx_word' id='word_1_571' title='bbox 2018 3945 2019 3958; x_wconf 70' lang='lat'><strong><em>.</em></strong></span> 
     </span>
    </p>
   </div>
   <div class='ocr_carea' id='block_1_16' title="bbox 241 4113 2019 4270">
    <p class='ocr_par' dir='ltr' id='par_1_18' title="bbox 241 4113 2019 4270">
     <span class='ocr_line' id='line_1_45' title="bbox 244 4113 2019 4195; baseline -0.007 -13"><span class='ocrx_word' id='word_1_572' title='bbox 244 4149 258 4176; x_wconf 80' lang='lat' dir='ltr'><strong><em>n</em></strong></span> <span class='ocrx_word' id='word_1_573' title='bbox 276 4126 457 4193; x_wconf 82' lang='lat' dir='ltr'><strong><em>Laetantius,</em></strong></span> <span class='ocrx_word' id='word_1_574' title='bbox 471 4124 568 4195; x_wconf 87' lang='lat' dir='ltr'><strong><em>inquit</em></strong></span> <span class='ocrx_word' id='word_1_575' title='bbox 582 4123 640 4190; x_wconf 86' lang='lat' dir='ltr'><strong><em>illo,</em></strong></span> <span class='ocrx_word' id='word_1_576' title='bbox 656 4122 684 4176; x_wconf 93' lang='lat' dir='ltr'><strong><em>in</em></strong></span> <span class='ocrx_word' id='word_1_577' title='bbox 703 4122 785 4178; x_wconf 87' lang='lat' dir='ltr'><strong><em>libris</em></strong></span> <span class='ocrx_word' id='word_1_578' title='bbox 809 4123 883 4194; x_wconf 86' lang='lat' dir='ltr'><strong><em>suls,</em></strong></span> <span class='ocrx_word' id='word_1_579' title='bbox 898 4127 928 4178; x_wconf 86' lang='lat' dir='ltr'><strong><em>el</em></strong></span> <span class='ocrx_word' id='word_1_580' title='bbox 942 4123 1070 4178; x_wconf 87' lang='lat' dir='ltr'><strong><em>maxime</em></strong></span> <span class='ocrx_word' id='word_1_581' title='bbox 1160 4123 1198 4193; x_wconf 83' lang='grc'><strong><em>(1)</em></strong></span> <span class='ocrx_word' id='word_1_582' title='bbox 1214 4121 1306 4179; x_wconf 84' lang='lat' dir='ltr'><strong><em>Sermo</em></strong></span> <span class='ocrx_word' id='word_1_583' title='bbox 1320 4123 1449 4192; x_wconf 88' lang='lat' dir='ltr'><strong><em>rationis,</em></strong></span> <span class='ocrx_word' id='word_1_584' title='bbox 1473 4125 1499 4179; x_wconf 86' lang='lat' dir='ltr'><strong><em>et</em></strong></span> <span class='ocrx_word' id='word_1_585' title='bbox 1524 4123 1598 4180; x_wconf 87' lang='lat' dir='ltr'><strong><em>ratio</em></strong></span> <span class='ocrx_word' id='word_1_586' title='bbox 1623 4124 1771 4180; x_wconf 74' lang='lat' dir='ltr'><strong><em>samonis.</em></strong></span> <span class='ocrx_word' id='word_1_587' title='bbox 1787 4118 1841 4174; x_wconf 86' lang='lat' dir='ltr'><strong><em>Cur</em></strong></span> <span class='ocrx_word' id='word_1_588' title='bbox 1853 4113 1928 4170; x_wconf 80' lang='lat' dir='ltr'><strong><em>Deum</em></strong></span> <span class='ocrx_word' id='word_1_589' title='bbox 2018 4149 2019 4156; x_wconf 66' lang='lat'><strong><em>.</em></strong></span> 
     </span>
     <span class='ocr_line' id='line_1_46' title="bbox 241 4184 2019 4270; baseline -0.011 -18"><span class='ocrx_word' id='word_1_590' title='bbox 241 4197 271 4252; x_wconf 91' lang='lat' dir='ltr'><strong><em>in</em></strong></span> <span class='ocrx_word' id='word_1_591' title='bbox 288 4197 421 4270; x_wconf 84' lang='lat' dir='ltr'><strong><em>epistolis</em></strong></span> <span class='ocrx_word' id='word_1_592' title='bbox 435 4195 471 4251; x_wconf 87' lang='lat' dir='ltr'><strong><em>ad</em></strong></span> <span class='ocrx_word' id='word_1_593' title='bbox 494 4194 729 4263; x_wconf 87' lang='lat' dir='ltr'><strong><em>Demetrianum,</em></strong></span> <span class='ocrx_word' id='word_1_594' title='bbox 754 4194 874 4264; x_wconf 88' lang='lat' dir='ltr'><strong><em>spiritus</em></strong></span> <span class='ocrx_word' id='word_1_595' title='bbox 897 4195 991 4248; x_wconf 84' lang='lat' dir='ltr'><strong><em>sancti</em></strong></span> <span class='ocrx_word' id='word_1_596' title='bbox 1007 4209 1069 4248; x_wconf 92' lang='lat' dir='ltr'><strong><em>om·</em></strong></span> <span class='ocrx_word' id='word_1_597' title='bbox 1125 4193 1237 4248; x_wconf 88' lang='lat' dir='ltr'><strong><em>Patrem</em></strong></span> <span class='ocrx_word' id='word_1_598' title='bbox 1255 4193 1394 4250; x_wconf 89' lang='lat' dir='ltr'><strong><em>Sermonis</em></strong></span> <span class='ocrx_word' id='word_1_599' title='bbox 1416 4209 1534 4266; x_wconf 84' lang='lat' dir='ltr'><strong><em>quoque</em></strong></span> <span class='ocrx_word' id='word_1_600' title='bbox 1554 4199 1583 4250; x_wconf 89' lang='lat' dir='ltr'><strong><em>et</em></strong></span> <span class='ocrx_word' id='word_1_601' title='bbox 1603 4195 1732 4250; x_wconf 80' lang='lat' dir='ltr'><strong><em>Rationis</em></strong></span> <span class='ocrx_word' id='word_1_602' title='bbox 1759 4184 1930 4264; x_wconf 81' lang='lat' dir='ltr'><strong><em>appellatione</em></strong></span> <span class='ocrx_word' id='word_1_603' title='bbox 2018 4245 2019 4254; x_wconf 9' lang='grc' dir='ltr'>χ</span> 
     </span>
    </p>
   </div>
   <div class='ocr_carea' id='block_1_17' title="bbox 241 4263 1929 4340">
    <p class='ocr_par' dir='ltr' id='par_1_19' title="bbox 241 4263 1929 4340">
     <span class='ocr_line' id='line_1_47' title="bbox 241 4263 1929 4340; baseline -0.007 -15"><span class='ocrx_word' id='word_1_604' title='bbox 241 4270 311 4326; x_wconf 86' lang='lat' dir='ltr'><strong><em>nino</em></strong></span> <span class='ocrx_word' id='word_1_605' title='bbox 324 4272 411 4340; x_wconf 71' lang='lat' dir='ltr'><strong><em>negat</em></strong></span> <span class='ocrx_word' id='word_1_606' title='bbox 422 4266 630 4335; x_wconf 83' lang='lat' dir='ltr'><strong><em>substantiam,</em></strong></span> <span class='ocrx_word' id='word_1_607' title='bbox 644 4269 672 4320; x_wconf 85' lang='lat' dir='ltr'><strong><em>et</em></strong></span> <span class='ocrx_word' id='word_1_608' title='bbox 684 4282 780 4321; x_wconf 84' lang='lat' dir='ltr'><strong><em>erroro</em></strong></span> <span class='ocrx_word' id='word_1_609' title='bbox 791 4265 912 4320; x_wconf 84' lang='lat' dir='ltr'><strong><em>tudnioo</em></strong></span> <span class='ocrx_word' id='word_1_610' title='bbox 922 4265 993 4320; x_wconf 89' lang='lat' dir='ltr'><strong><em>dicit</em></strong></span> <span class='ocrx_word' id='word_1_611' title='bbox 1003 4280 1069 4320; x_wconf 91' lang='lat' dir='ltr'><strong><em>eum</em></strong></span> <span class='ocrx_word' id='word_1_612' title='bbox 1124 4263 1172 4319; x_wconf 89' lang='lat' dir='ltr'><strong><em>hio</em></strong></span> <span class='ocrx_word' id='word_1_613' title='bbox 1186 4263 1386 4321; x_wconf 84' lang='lat' dir='ltr'><strong><em>Tertullianus</em></strong></span> <span class='ocrx_word' id='word_1_614' title='bbox 1396 4265 1495 4332; x_wconf 88' lang='lat' dir='ltr'><strong><em>donat,</em></strong></span> <span class='ocrx_word' id='word_1_615' title='bbox 1508 4265 1665 4322; x_wconf 87' lang='lat' dir='ltr'><strong><em>mirabitur</em></strong></span> <span class='ocrx_word' id='word_1_616' title='bbox 1675 4264 1812 4336; x_wconf 86' lang='lat' dir='ltr'><strong><em>quisquis</em></strong></span> <span class='ocrx_word' id='word_1_617' title='bbox 1821 4263 1929 4314; x_wconf 72' lang='lat' dir='ltr'><strong><em>renuunt</em></strong></span> 
     </span>
    </p>
   </div>
   <div class='ocr_carea' id='block_1_18' title="bbox 241 4325 2019 4408">
    <p class='ocr_par' dir='ltr' id='par_1_20' title="bbox 241 4325 2019 4408">
     <span class='ocr_line' id='line_1_48' title="bbox 241 4325 2019 4408; baseline -0.005 -13"><span class='ocrx_word' id='word_1_618' title='bbox 241 4340 285 4397; x_wconf 87' lang='lat' dir='ltr'><strong><em>vel</em></strong></span> <span class='ocrx_word' id='word_1_619' title='bbox 304 4341 338 4396; x_wconf 86' lang='lat' dir='ltr'><strong><em>ud</em></strong></span> <span class='ocrx_word' id='word_1_620' title='bbox 357 4335 467 4395; x_wconf 68' lang='lat' dir='ltr'><strong><em>intrem</em></strong></span> <span class='ocrx_word' id='word_1_621' title='bbox 493 4338 605 4407; x_wconf 85' lang='lat' dir='ltr'><strong><em>reterri,</em></strong></span> <span class='ocrx_word' id='word_1_622' title='bbox 631 4336 674 4392; x_wconf 89' lang='lat' dir='ltr'><strong><em>vel</em></strong></span> <span class='ocrx_word' id='word_1_623' title='bbox 696 4337 731 4392; x_wconf 91' lang='lat' dir='ltr'><strong><em>ad</em></strong></span> <span class='ocrx_word' id='word_1_624' title='bbox 756 4336 873 4406; x_wconf 82' lang='lat' dir='ltr'><strong><em>Filium,</em></strong></span> <span class='ocrx_word' id='word_1_625' title='bbox 887 4341 915 4391; x_wconf 89' lang='lat' dir='ltr'><strong><em>et</em></strong></span> <span class='ocrx_word' id='word_1_626' title='bbox 938 4337 1069 4393; x_wconf 87' lang='lat' dir='ltr'><strong><em>sanotitl-</em></strong></span> <span class='ocrx_word' id='word_1_627' title='bbox 1123 4334 1302 4408; x_wconf 87' lang='lat' dir='ltr'><strong><em>loquelame</em></strong></span> <span class='ocrx_word' id='word_1_628' title='bbox 1326 4338 1521 4394; x_wconf 87' lang='lat' dir='ltr'><strong><em>recentiorum</em></strong></span> <span class='ocrx_word' id='word_1_629' title='bbox 1546 4352 1684 4394; x_wconf 87' lang='lat' dir='ltr'><strong><em>sermone</em></strong></span> <span class='ocrx_word' id='word_1_630' title='bbox 1709 4325 1931 4392; x_wconf 62' lang='lat' dir='ltr'><strong><em>mulierosumst</em></strong></span> <span class='ocrx_word' id='word_1_631' title='bbox 2018 4337 2019 4386; x_wconf 65' lang='lat' dir='ltr'>f</span> 
     </span>
    </p>
   </div>
   <div class='ocr_carea' id='block_1_19' title="bbox 243 4403 1937 5698">
    <p class='ocr_par' dir='ltr' id='par_1_21' title="bbox 243 4403 1936 5196">
     <span class='ocr_line' id='line_1_49' title="bbox 243 4403 1930 4482; baseline -0.009 -14"><span class='ocrx_word' id='word_1_632' title='bbox 243 4412 387 4468; x_wconf 87' lang='lat' dir='ltr'><strong><em>ostionem</em></strong></span> <span class='ocrx_word' id='word_1_633' title='bbox 404 4411 558 4482; x_wconf 86' lang='lat' dir='ltr'><strong><em>utriusque</em></strong></span> <span class='ocrx_word' id='word_1_634' title='bbox 573 4425 704 4480; x_wconf 76' lang='lat' dir='ltr'><strong><em>persona</em></strong></span> <span class='ocrx_word' id='word_1_635' title='bbox 730 4408 785 4463; x_wconf 89' lang='lat' dir='ltr'><strong><em>sub</em></strong></span> <span class='ocrx_word' id='word_1_636' title='bbox 800 4409 865 4480; x_wconf 87' lang='lat' dir='ltr'><strong><em>ejus</em></strong></span> <span class='ocrx_word' id='word_1_637' title='bbox 887 4408 1004 4463; x_wconf 85' lang='lat' dir='ltr'><strong><em>uomina</em></strong></span> <span class='ocrx_word' id='word_1_638' title='bbox 1020 4407 1070 4462; x_wconf 87' lang='lat' dir='ltr'><strong><em>de·</em></strong></span> <span class='ocrx_word' id='word_1_639' title='bbox 1125 4425 1191 4462; x_wconf 87' lang='lat' dir='ltr'><strong><em>cum</em></strong></span> <span class='ocrx_word' id='word_1_640' title='bbox 1207 4403 1354 4482; x_wconf 74' lang='grc' dir='ltr'>τοῦλόγου</span> <span class='ocrx_word' id='word_1_641' title='bbox 1369 4425 1423 4463; x_wconf 87' lang='lat' dir='ltr'><strong><em>vox</em></strong></span> <span class='ocrx_word' id='word_1_642' title='bbox 1452 4425 1560 4481; x_wconf 88' lang='lat' dir='ltr'><strong><em>anceps</em></strong></span> <span class='ocrx_word' id='word_1_643' title='bbox 1579 4413 1734 4476; x_wconf 87' lang='lat' dir='ltr'><strong><em>rationem,</em></strong></span> <span class='ocrx_word' id='word_1_644' title='bbox 1748 4403 1930 4474; x_wconf 71' lang='lat' dir='ltr'><strong><em>capitationem</em></strong></span> 
     </span>
     <span class='ocr_line' id='line_1_50' title="bbox 244 4469 1931 4553; baseline -0.009 -15"><span class='ocrx_word' id='word_1_645' title='bbox 244 4483 413 4540; x_wconf 88' lang='lat' dir='ltr'><strong><em>monstrari.</em></strong></span> <span class='ocrx_word' id='word_1_646' title='bbox 427 4504 441 4532; x_wconf 80' lang='lat' dir='ltr'><strong><em>n</em></strong></span> <span class='ocrx_word' id='word_1_647' title='bbox 454 4482 532 4538; x_wconf 91' lang='lat' dir='ltr'><strong><em>Idem</em></strong></span> <span class='ocrx_word' id='word_1_648' title='bbox 544 4481 581 4537; x_wconf 86' lang='lat' dir='ltr'><strong><em>ab</em></strong></span> <span class='ocrx_word' id='word_1_649' title='bbox 596 4480 773 4550; x_wconf 76' lang='lat' dir='ltr'><strong><em>Hieronymo</em></strong></span> <span class='ocrx_word' id='word_1_650' title='bbox 786 4480 930 4553; x_wconf 88' lang='lat' dir='ltr'><strong><em>repetitur</em></strong></span> <span class='ocrx_word' id='word_1_651' title='bbox 941 4479 969 4534; x_wconf 90' lang='lat' dir='ltr'><strong><em>in</em></strong></span> <span class='ocrx_word' id='word_1_652' title='bbox 985 4481 1069 4535; x_wconf 81' lang='lat' dir='ltr'><strong><em>Com·</em></strong></span> <span class='ocrx_word' id='word_1_653' title='bbox 1125 4484 1255 4547; x_wconf 90' lang='lat' dir='ltr'><strong><em>mentem,</em></strong></span> <span class='ocrx_word' id='word_1_654' title='bbox 1273 4497 1306 4536; x_wconf 86' lang='lat' dir='ltr'><strong><em>ao</em></strong></span> <span class='ocrx_word' id='word_1_655' title='bbox 1321 4481 1536 4537; x_wconf 87' lang='lat' dir='ltr'><strong><em>intellectionem</em></strong></span> <span class='ocrx_word' id='word_1_656' title='bbox 1551 4480 1709 4552; x_wconf 81' lang='lat' dir='ltr'><strong><em>significet,</em></strong></span> <span class='ocrx_word' id='word_1_657' title='bbox 1722 4495 1757 4534; x_wconf 83' lang='lat' dir='ltr'><strong><em>eo</em></strong></span> <span class='ocrx_word' id='word_1_658' title='bbox 1772 4489 1855 4533; x_wconf 86' lang='lat' dir='ltr'><strong><em>sensu</em></strong></span> <span class='ocrx_word' id='word_1_659' title='bbox 1869 4469 1931 4552; x_wconf 74' lang='lat' dir='ltr'><strong><em>Palo</em></strong></span> 
     </span>
     <span class='ocr_line' id='line_1_51' title="bbox 245 4543 1932 4626; baseline -0.01 -16"><span class='ocrx_word' id='word_1_660' title='bbox 245 4560 337 4611; x_wconf 86' lang='lat' dir='ltr'><strong><em>mant.</em></strong></span> <span class='ocrx_word' id='word_1_661' title='bbox 355 4554 390 4609; x_wconf 81' lang='lat' dir='ltr'><strong><em>ssi</em></strong></span> <span class='ocrx_word' id='word_1_662' title='bbox 406 4570 471 4626; x_wconf 88' lang='lat' dir='ltr'><strong><em>cup.</em></strong></span> <span class='ocrx_word' id='word_1_663' title='bbox 487 4570 517 4610; x_wconf 80' lang='grc' dir='ltr'>ιν</span> <span class='ocrx_word' id='word_1_664' title='bbox 530 4552 621 4626; x_wconf 81' lang='lat' dir='ltr'><strong><em>lipist.</em></strong></span> <span class='ocrx_word' id='word_1_665' title='bbox 637 4551 673 4606; x_wconf 87' lang='lat' dir='ltr'><strong><em>ad</em></strong></span> <span class='ocrx_word' id='word_1_666' title='bbox 690 4549 817 4607; x_wconf 84' lang='lat' dir='ltr'><strong><em>Galatas.</em></strong></span> <span class='ocrx_word' id='word_1_667' title='bbox 845 4551 940 4616; x_wconf 86' lang='lat' dir='ltr'><strong><em>Quare</em></strong></span> <span class='ocrx_word' id='word_1_668' title='bbox 955 4550 1026 4621; x_wconf 88' lang='lat' dir='ltr'><strong><em>quin</em></strong></span> <span class='ocrx_word' id='word_1_669' title='bbox 1042 4554 1071 4607; x_wconf 88' lang='lat' dir='ltr'><strong><em>et</em></strong></span> <span class='ocrx_word' id='word_1_670' title='bbox 1124 4567 1239 4622; x_wconf 88' lang='lat' dir='ltr'><strong><em>quoque</em></strong></span> <span class='ocrx_word' id='word_1_671' title='bbox 1251 4551 1655 4608; x_wconf 71' lang='lat' dir='ltr'><strong><em>iaotseatcommuuisetroi</em></strong></span> <span class='ocrx_word' id='word_1_672' title='bbox 1668 4549 1773 4622; x_wconf 79' lang='grc' dir='ltr'><strong>Λόγου,</strong></span> <span class='ocrx_word' id='word_1_673' title='bbox 1784 4543 1932 4604; x_wconf 82' lang='lat' dir='ltr'><strong><em>strutiones,</em></strong></span> 
     </span>
     <span class='ocr_line' id='line_1_52' title="bbox 244 4611 1932 4696; baseline -0.008 -16"><span class='ocrx_word' id='word_1_674' title='bbox 244 4626 292 4681; x_wconf 90' lang='lat' dir='ltr'><strong><em>hio</em></strong></span> <span class='ocrx_word' id='word_1_675' title='bbox 307 4625 507 4682; x_wconf 85' lang='lat' dir='ltr'><strong><em>Tertullianus</em></strong></span> <span class='ocrx_word' id='word_1_676' title='bbox 522 4629 608 4690; x_wconf 89' lang='lat' dir='ltr'><strong><em>errat,</em></strong></span> <span class='ocrx_word' id='word_1_677' title='bbox 624 4622 821 4678; x_wconf 88' lang='lat' dir='ltr'><strong><em>dubitandum</em></strong></span> <span class='ocrx_word' id='word_1_678' title='bbox 838 4639 895 4678; x_wconf 91' lang='lat' dir='ltr'><strong><em>non</em></strong></span> <span class='ocrx_word' id='word_1_679' title='bbox 911 4623 1068 4678; x_wconf 88' lang='lat' dir='ltr'><strong><em>videretur.</em></strong></span> <span class='ocrx_word' id='word_1_680' title='bbox 1124 4627 1153 4678; x_wconf 89' lang='lat' dir='ltr'><strong><em>et</em></strong></span> <span class='ocrx_word' id='word_1_681' title='bbox 1166 4625 1300 4680; x_wconf 89' lang='lat' dir='ltr'><strong><em>sermonis</em></strong></span> <span class='ocrx_word' id='word_1_682' title='bbox 1313 4623 1480 4694; x_wconf 81' lang='lat' dir='ltr'><strong><em>appellatio.</em></strong></span> <span class='ocrx_word' id='word_1_683' title='bbox 1492 4624 1686 4691; x_wconf 86' lang='lat' dir='ltr'><strong><em>Quamobrem</em></strong></span> <span class='ocrx_word' id='word_1_684' title='bbox 1704 4619 1793 4696; x_wconf 80' lang='grc' dir='ltr'>Λόγοι</span> <span class='ocrx_word' id='word_1_685' title='bbox 1807 4616 1835 4671; x_wconf 80' lang='lat' dir='ltr'><strong><em>ln</em></strong></span> <span class='ocrx_word' id='word_1_686' title='bbox 1848 4611 1932 4682; x_wconf 64' lang='lat' dir='ltr'><strong><em>tirou,</em></strong></span> 
     </span>
     <span class='ocr_line' id='line_1_53' title="bbox 245 4683 1933 4767; baseline -0.008 -14"><span class='ocrx_word' id='word_1_687' title='bbox 245 4698 317 4753; x_wconf 88' lang='lat' dir='ltr'><strong><em>Cum</em></strong></span> <span class='ocrx_word' id='word_1_688' title='bbox 336 4702 434 4752; x_wconf 87' lang='lat' dir='ltr'><strong><em>tamen</em></strong></span> <span class='ocrx_word' id='word_1_689' title='bbox 450 4697 514 4752; x_wconf 89' lang='lat' dir='ltr'><strong><em>aliis</em></strong></span> <span class='ocrx_word' id='word_1_690' title='bbox 530 4696 559 4752; x_wconf 87' lang='lat' dir='ltr'><strong><em>in</em></strong></span> <span class='ocrx_word' id='word_1_691' title='bbox 576 4694 776 4751; x_wconf 86' lang='lat' dir='ltr'><strong><em>libris:Patre</em></strong></span> <span class='ocrx_word' id='word_1_692' title='bbox 791 4710 824 4749; x_wconf 86' lang='lat' dir='ltr'><strong><em>so</em></strong></span> <span class='ocrx_word' id='word_1_693' title='bbox 839 4693 912 4750; x_wconf 82' lang='lat' dir='ltr'><strong><em>Filio</em></strong></span> <span class='ocrx_word' id='word_1_694' title='bbox 928 4694 1070 4767; x_wconf 85' lang='lat' dir='ltr'><strong><em>Spiritum</em></strong></span> <span class='ocrx_word' id='word_1_695' title='bbox 1126 4693 1434 4752; x_wconf 83' lang='lat' dir='ltr'><strong><em>Verhunsdchrtoa</em></strong></span> <span class='ocrx_word' id='word_1_696' title='bbox 1461 4693 1613 4752; x_wconf 88' lang='lat' dir='ltr'><strong><em>nonnullis</em></strong></span> <span class='ocrx_word' id='word_1_697' title='bbox 1642 4697 1767 4750; x_wconf 83' lang='lat' dir='ltr'><strong><em>Petrum</em></strong></span> <span class='ocrx_word' id='word_1_698' title='bbox 1796 4683 1933 4745; x_wconf 75' lang='lat' dir='ltr'><strong><em>dictasset</em></strong></span> 
     </span>
     <span class='ocr_line' id='line_1_54' title="bbox 245 4761 1933 4840; baseline -0.008 -15"><span class='ocrx_word' id='word_1_699' title='bbox 245 4772 379 4825; x_wconf 86' lang='lat' dir='ltr'><strong><em>sanctum</em></strong></span> <span class='ocrx_word' id='word_1_700' title='bbox 396 4767 581 4840; x_wconf 85' lang='lat' dir='ltr'><strong><em>apertissimo</em></strong></span> <span class='ocrx_word' id='word_1_701' title='bbox 596 4765 771 4838; x_wconf 80' lang='lat' dir='ltr'><strong><em>distinguet,</em></strong></span> <span class='ocrx_word' id='word_1_702' title='bbox 782 4769 897 4822; x_wconf 89' lang='lat' dir='ltr'><strong><em>tortium</em></strong></span> <span class='ocrx_word' id='word_1_703' title='bbox 911 4783 1011 4822; x_wconf 91' lang='lat' dir='ltr'><strong><em>numen</em></strong></span> <span class='ocrx_word' id='word_1_704' title='bbox 1024 4767 1069 4822; x_wconf 90' lang='lat' dir='ltr'><strong><em>di·</em></strong></span> <span class='ocrx_word' id='word_1_705' title='bbox 1124 4766 1235 4834; x_wconf 81' lang='lat' dir='ltr'><strong><em>Filius:</em></strong></span> <span class='ocrx_word' id='word_1_706' title='bbox 1251 4772 1280 4821; x_wconf 85' lang='lat' dir='ltr'><strong><em>et</em></strong></span> <span class='ocrx_word' id='word_1_707' title='bbox 1291 4770 1412 4823; x_wconf 85' lang='lat' dir='ltr'><strong><em>sanctus</em></strong></span> <span class='ocrx_word' id='word_1_708' title='bbox 1426 4773 1564 4833; x_wconf 87' lang='lat' dir='ltr'><strong><em>trenaeus,</em></strong></span> <span class='ocrx_word' id='word_1_709' title='bbox 1577 4766 1630 4822; x_wconf 84' lang='lat' dir='ltr'><strong><em>tib.</em></strong></span> <span class='ocrx_word' id='word_1_710' title='bbox 1644 4781 1676 4835; x_wconf 89' lang='lat'><strong><em>11,</em></strong></span> <span class='ocrx_word' id='word_1_711' title='bbox 1693 4782 1760 4837; x_wconf 86' lang='lat' dir='ltr'><strong><em>cap.</em></strong></span> <span class='ocrx_word' id='word_1_712' title='bbox 1776 4763 1820 4831; x_wconf 81' lang='grc'><strong><em>18,</em></strong></span> <span class='ocrx_word' id='word_1_713' title='bbox 1835 4761 1933 4814; x_wconf 78' lang='lat' dir='ltr'><strong><em>aaran</em></strong></span> 
     </span>
     <span class='ocr_line' id='line_1_55' title="bbox 245 4830 1934 4910; baseline -0.006 -14"><span class='ocrx_word' id='word_1_714' title='bbox 245 4841 384 4907; x_wconf 87' lang='lat' dir='ltr'><strong><em>ciuitatis,</em></strong></span> <span class='ocrx_word' id='word_1_715' title='bbox 409 4844 435 4894; x_wconf 92' lang='lat' dir='ltr'><strong><em>et</em></strong></span> <span class='ocrx_word' id='word_1_716' title='bbox 463 4840 576 4895; x_wconf 87' lang='lat' dir='ltr'><strong><em>tortium</em></strong></span> <span class='ocrx_word' id='word_1_717' title='bbox 602 4853 702 4892; x_wconf 87' lang='lat' dir='ltr'><strong><em>nomen</em></strong></span> <span class='ocrx_word' id='word_1_718' title='bbox 724 4838 882 4904; x_wconf 83' lang='lat' dir='ltr'><strong><em>maiestatis</em></strong></span> <span class='ocrx_word' id='word_1_719' title='bbox 906 4837 1069 4910; x_wconf 87' lang='lat' dir='ltr'><strong><em>appellans,</em></strong></span> <span class='ocrx_word' id='word_1_720' title='bbox 1125 4833 1218 4910; x_wconf 76' lang='grc' dir='ltr'><strong>λόγον,</strong></span> <span class='ocrx_word' id='word_1_721' title='bbox 1235 4854 1286 4894; x_wconf 87' lang='lat' dir='ltr'><strong><em>seu</em></strong></span> <span class='ocrx_word' id='word_1_722' title='bbox 1301 4837 1463 4902; x_wconf 78' lang='lat' dir='ltr'><strong><em>verbumst</em></strong></span> <span class='ocrx_word' id='word_1_723' title='bbox 1472 4847 1588 4894; x_wconf 85' lang='lat' dir='ltr'><strong><em>mantem</em></strong></span> <span class='ocrx_word' id='word_1_724' title='bbox 1605 4835 1737 4910; x_wconf 88' lang='lat' dir='ltr'><strong><em>appellat</em></strong></span> <span class='ocrx_word' id='word_1_725' title='bbox 1747 4836 1788 4890; x_wconf 88' lang='lat' dir='ltr'><strong><em>ita</em></strong></span> <span class='ocrx_word' id='word_1_726' title='bbox 1803 4830 1934 4910; x_wconf 68' lang='lat' dir='ltr'><strong><em>sumbone:</em></strong></span> 
     </span>
     <span class='ocr_line' id='line_1_56' title="bbox 245 4906 1935 4982; baseline -0.008 -15"><span class='ocrx_word' id='word_1_727' title='bbox 245 4913 310 4968; x_wconf 88' lang='lat' dir='ltr'><strong><em>ideo</em></strong></span> <span class='ocrx_word' id='word_1_728' title='bbox 326 4910 476 4967; x_wconf 85' lang='lat' dir='ltr'><strong><em>Christum</em></strong></span> <span class='ocrx_word' id='word_1_729' title='bbox 493 4911 542 4966; x_wconf 76' lang='lat' dir='ltr'><strong><em>liei</em></strong></span> <span class='ocrx_word' id='word_1_730' title='bbox 561 4911 691 4982; x_wconf 88' lang='lat' dir='ltr'><strong><em>spiritum</em></strong></span> <span class='ocrx_word' id='word_1_731' title='bbox 712 4909 773 4966; x_wconf 89' lang='lat' dir='ltr'><strong><em>sbi</em></strong></span> <span class='ocrx_word' id='word_1_732' title='bbox 799 4927 815 4964; x_wconf 95' lang='lat' dir='ltr'><strong><em>o</em></strong></span> <span class='ocrx_word' id='word_1_733' title='bbox 840 4914 975 4966; x_wconf 86' lang='lat' dir='ltr'><strong><em>uocatum</em></strong></span> <span class='ocrx_word' id='word_1_734' title='bbox 992 4909 1070 4965; x_wconf 87' lang='lat' dir='ltr'><strong><em>urhi·</em></strong></span> <span class='ocrx_word' id='word_1_735' title='bbox 1127 4910 1196 4965; x_wconf 86' lang='lat' dir='ltr'><strong><em>Deus</em></strong></span> <span class='ocrx_word' id='word_1_736' title='bbox 1211 4917 1302 4965; x_wconf 89' lang='lat' dir='ltr'><strong><em>autem</em></strong></span> <span class='ocrx_word' id='word_1_737' title='bbox 1329 4914 1400 4966; x_wconf 80' lang='lat' dir='ltr'><strong><em>totus</em></strong></span> <span class='ocrx_word' id='word_1_738' title='bbox 1422 4914 1542 4967; x_wconf 74' lang='lat' dir='ltr'><strong><em>existens</em></strong></span> <span class='ocrx_word' id='word_1_739' title='bbox 1566 4925 1654 4974; x_wconf 86' lang='lat' dir='ltr'><strong><em>mens,</em></strong></span> <span class='ocrx_word' id='word_1_740' title='bbox 1677 4917 1703 4964; x_wconf 89' lang='lat' dir='ltr'><strong><em>ot</em></strong></span> <span class='ocrx_word' id='word_1_741' title='bbox 1726 4915 1797 4965; x_wconf 85' lang='lat' dir='ltr'><strong><em>totus</em></strong></span> <span class='ocrx_word' id='word_1_742' title='bbox 1817 4906 1935 4978; x_wconf 67' lang='lat' dir='ltr'><strong><em>exsulent</em></strong></span> 
     </span>
     <span class='ocr_line' id='line_1_57' title="bbox 243 4971 1935 5056; baseline -0.004 -17"><span class='ocrx_word' id='word_1_743' title='bbox 243 4982 409 5054; x_wconf 89' lang='lat' dir='ltr'><strong><em>tror,quod</em></strong></span> <span class='ocrx_word' id='word_1_744' title='bbox 435 4981 564 5054; x_wconf 83' lang='lat' dir='ltr'><strong><em>generali</em></strong></span> <span class='ocrx_word' id='word_1_745' title='bbox 593 4982 713 5037; x_wconf 91' lang='lat' dir='ltr'><strong><em>nomino</em></strong></span> <span class='ocrx_word' id='word_1_746' title='bbox 742 4986 832 5038; x_wconf 86' lang='lat' dir='ltr'><strong><em>Dum</em></strong></span> <span class='ocrx_word' id='word_1_747' title='bbox 859 4981 915 5036; x_wconf 88' lang='lat' dir='ltr'><strong><em>dici</em></strong></span> <span class='ocrx_word' id='word_1_748' title='bbox 937 4983 1069 5056; x_wconf 86' lang='lat' dir='ltr'><strong><em>spiritum</em></strong></span> <span class='ocrx_word' id='word_1_749' title='bbox 1125 4981 1310 5054; x_wconf 82' lang='lat' dir='ltr'><strong><em>Lopos,ouod</em></strong></span> <span class='ocrx_word' id='word_1_750' title='bbox 1323 4983 1435 5052; x_wconf 82' lang='lat' dir='ltr'><strong><em>copitat,</em></strong></span> <span class='ocrx_word' id='word_1_751' title='bbox 1460 4982 1548 5039; x_wconf 89' lang='lat' dir='ltr'><strong><em>boeot</em></strong></span> <span class='ocrx_word' id='word_1_752' title='bbox 1574 4981 1708 5054; x_wconf 81' lang='lat' dir='ltr'><strong><em>loquitur,</em></strong></span> <span class='ocrx_word' id='word_1_753' title='bbox 1725 4987 1753 5036; x_wconf 90' lang='lat' dir='ltr'><strong><em>et</em></strong></span> <span class='ocrx_word' id='word_1_754' title='bbox 1774 4975 1843 5049; x_wconf 82' lang='lat' dir='ltr'><strong><em>quod</em></strong></span> <span class='ocrx_word' id='word_1_755' title='bbox 1861 4971 1935 5041; x_wconf 59' lang='lat' dir='ltr'><strong><em>lauth</em></strong></span> 
     </span>
     <span class='ocr_line' id='line_1_58' title="bbox 246 5041 1936 5127; baseline -0.002 -17"><span class='ocrx_word' id='word_1_756' title='bbox 246 5054 501 5112; x_wconf 83' lang='lat' dir='ltr'><strong><em>crederetlooune</em></strong></span> <span class='ocrx_word' id='word_1_757' title='bbox 524 5053 657 5127; x_wconf 86' lang='lat' dir='ltr'><strong><em>apostolo</em></strong></span> <span class='ocrx_word' id='word_1_758' title='bbox 686 5053 848 5110; x_wconf 89' lang='lat' dir='ltr'><strong><em>scribente:</em></strong></span> <span class='ocrx_word' id='word_1_759' title='bbox 872 5054 1071 5126; x_wconf 85' lang='lat' dir='ltr'><strong><em>lleusspiritus</em></strong></span> <span class='ocrx_word' id='word_1_760' title='bbox 1124 5057 1181 5122; x_wconf 89' lang='lat' dir='ltr'><strong><em>tur,</em></strong></span> <span class='ocrx_word' id='word_1_761' title='bbox 1199 5052 1249 5109; x_wconf 89' lang='lat' dir='ltr'><strong><em>boe</em></strong></span> <span class='ocrx_word' id='word_1_762' title='bbox 1277 5055 1302 5108; x_wconf 88' lang='lat' dir='ltr'><strong><em>ot</em></strong></span> <span class='ocrx_word' id='word_1_763' title='bbox 1329 5055 1440 5125; x_wconf 82' lang='lat' dir='ltr'><strong><em>sopitat.</em></strong></span> <span class='ocrx_word' id='word_1_764' title='bbox 1471 5053 1604 5126; x_wconf 79' lang='lat' dir='ltr'><strong><em>Capitolio</em></strong></span> <span class='ocrx_word' id='word_1_765' title='bbox 1626 5054 1704 5109; x_wconf 88' lang='lat' dir='ltr'><strong><em>enim</em></strong></span> <span class='ocrx_word' id='word_1_766' title='bbox 1733 5051 1794 5119; x_wconf 79' lang='lat' dir='ltr'><strong><em>eiser</em></strong></span> <span class='ocrx_word' id='word_1_767' title='bbox 1817 5041 1936 5116; x_wconf 64' lang='lat' dir='ltr'><strong><em>topottli</em></strong></span> 
     </span>
     <span class='ocr_line' id='line_1_59' title="bbox 245 5109 1935 5196; baseline -0.006 -13"><span class='ocrx_word' id='word_1_768' title='bbox 245 5136 292 5184; x_wconf 88' lang='lat' dir='ltr'><strong><em>ost.</em></strong></span> <span class='ocrx_word' id='word_1_769' title='bbox 311 5127 377 5182; x_wconf 71' lang='lat' dir='ltr'><strong><em>hs</em></strong></span> <span class='ocrx_word' id='word_1_770' title='bbox 394 5126 509 5183; x_wconf 78' lang='lat' dir='ltr'><strong><em>blusso.</em></strong></span> <span class='ocrx_word' id='word_1_771' title='bbox 1124 5127 1208 5196; x_wconf 78' lang='lat' dir='ltr'><strong><em>topos</em></strong></span> <span class='ocrx_word' id='word_1_772' title='bbox 1234 5139 1334 5191; x_wconf 87' lang='lat' dir='ltr'><strong><em>mons,</em></strong></span> <span class='ocrx_word' id='word_1_773' title='bbox 1361 5129 1388 5180; x_wconf 89' lang='lat' dir='ltr'><strong><em>ct</em></strong></span> <span class='ocrx_word' id='word_1_774' title='bbox 1411 5128 1506 5181; x_wconf 89' lang='lat' dir='ltr'><strong><em>omnio</em></strong></span> <span class='ocrx_word' id='word_1_775' title='bbox 1533 5124 1699 5182; x_wconf 81' lang='lat' dir='ltr'><strong><em>eomludms</em></strong></span> <span class='ocrx_word' id='word_1_776' title='bbox 1722 5135 1811 5183; x_wconf 85' lang='lat' dir='ltr'><strong><em>mens.</em></strong></span> <span class='ocrx_word' id='word_1_777' title='bbox 1832 5119 1887 5186; x_wconf 86' lang='lat' dir='ltr'><strong><em>ipso</em></strong></span> <span class='ocrx_word' id='word_1_778' title='bbox 1906 5109 1935 5165; x_wconf 67' lang='lat' dir='ltr'><strong><em>til</em></strong></span> 
     </span>
    </p>

    <p class='ocr_par' dir='ltr' id='par_1_22' title="bbox 244 5187 1937 5698">
     <span class='ocr_line' id='line_1_60' title="bbox 280 5187 1935 5270; baseline -0.002 -16"><span class='ocrx_word' id='word_1_779' title='bbox 280 5229 315 5240; x_wconf 83' lang='lat'><strong><em>-</em></strong></span> <span class='ocrx_word' id='word_1_780' title='bbox 330 5199 379 5255; x_wconf 86' lang='lat' dir='ltr'><strong><em>Dei</em></strong></span> <span class='ocrx_word' id='word_1_781' title='bbox 401 5199 525 5270; x_wconf 86' lang='lat' dir='ltr'><strong><em>spiritus.</em></strong></span> <span class='ocrx_word' id='word_1_782' title='bbox 552 5195 801 5267; x_wconf 77' lang='lat' dir='ltr'><strong><em>Interpretatur-us</em></strong></span> <span class='ocrx_word' id='word_1_783' title='bbox 826 5194 989 5252; x_wconf 85' lang='lat' dir='ltr'><strong><em>orationem</em></strong></span> <span class='ocrx_word' id='word_1_784' title='bbox 1014 5195 1071 5252; x_wconf 90' lang='lat' dir='ltr'><strong><em>Do·</em></strong></span> <span class='ocrx_word' id='word_1_785' title='bbox 1124 5197 1220 5252; x_wconf 86' lang='lat' dir='ltr'><strong><em>Pater.</em></strong></span> <span class='ocrx_word' id='word_1_786' title='bbox 1236 5187 1935 5269; x_wconf 86' lang='lat' dir='ltr'><strong><em>Verum‚quocumquomodoappellenturPatan</em></strong></span> 
     </span>
     <span class='ocr_line' id='line_1_61' title="bbox 246 5255 1937 5354; baseline -0.011 -28"><span class='ocrx_word' id='word_1_787' title='bbox 246 5269 395 5340; x_wconf 82' lang='lat' dir='ltr'><strong><em>mininam,</em></strong></span> <span class='ocrx_word' id='word_1_788' title='bbox 407 5267 558 5342; x_wconf 84' lang='lat' dir='ltr'><strong><em>praemittit</em></strong></span> <span class='ocrx_word' id='word_1_789' title='bbox 568 5265 723 5338; x_wconf 89' lang='lat' dir='ltr'><strong><em>quisillam</em></strong></span> <span class='ocrx_word' id='word_1_790' title='bbox 739 5267 880 5324; x_wconf 82' lang='lat' dir='ltr'><strong><em>doctren&#39;t.</em></strong></span> <span class='ocrx_word' id='word_1_791' title='bbox 892 5267 957 5323; x_wconf 80' lang='lat' dir='ltr'><strong><em>uuit</em></strong></span> <span class='ocrx_word' id='word_1_792' title='bbox 972 5271 1069 5324; x_wconf 87' lang='lat' dir='ltr'><strong><em>autom</em></strong></span> <span class='ocrx_word' id='word_1_793' title='bbox 1126 5271 1155 5323; x_wconf 88' lang='lat' dir='ltr'><strong><em>et</em></strong></span> <span class='ocrx_word' id='word_1_794' title='bbox 1170 5265 1273 5337; x_wconf 82' lang='lat' dir='ltr'><strong><em>Filius,</em></strong></span> <span class='ocrx_word' id='word_1_795' title='bbox 1287 5267 1387 5354; x_wconf 80' lang='lat' dir='ltr'><strong><em>inepta</em></strong></span> <span class='ocrx_word' id='word_1_796' title='bbox 1401 5281 1435 5324; x_wconf 89' lang='lat' dir='ltr'><strong><em>ac</em></strong></span> <span class='ocrx_word' id='word_1_797' title='bbox 1450 5269 1541 5325; x_wconf 90' lang='lat' dir='ltr'><strong><em>dubia</em></strong></span> <span class='ocrx_word' id='word_1_798' title='bbox 1555 5265 1719 5324; x_wconf 81' lang='lat' dir='ltr'><strong><em>divinitatis</em></strong></span> <span class='ocrx_word' id='word_1_799' title='bbox 1734 5257 1873 5319; x_wconf 82' lang='lat' dir='ltr'><strong><em>uocabula</em></strong></span> <span class='ocrx_word' id='word_1_800' title='bbox 1885 5255 1937 5309; x_wconf 87' lang='lat' dir='ltr'><strong><em>ino·</em></strong></span> 
     </span>
     <span class='ocr_line' id='line_1_62' title="bbox 245 5337 1936 5463; baseline -0.012 -64"><span class='ocrx_word' id='word_1_801' title='bbox 245 5342 392 5411; x_wconf 85' lang='lat' dir='ltr'><strong><em>Christus,</em></strong></span> <span class='ocrx_word' id='word_1_802' title='bbox 408 5357 495 5412; x_wconf 83' lang='lat' dir='ltr'><strong><em>quem</em></strong></span> <span class='ocrx_word' id='word_1_803' title='bbox 515 5338 650 5422; x_wconf 82' lang='lat' dir='ltr'><strong><em>pluribus</em></strong></span> <span class='ocrx_word' id='word_1_804' title='bbox 664 5338 793 5463; x_wconf 58' lang='lat' dir='ltr'><strong><em>appellat</em></strong></span> <span class='ocrx_word' id='word_1_805' title='bbox 817 5339 1007 5408; x_wconf 77' lang='lat' dir='ltr'><strong><em>nominihus:</em></strong></span> <span class='ocrx_word' id='word_1_806' title='bbox 1024 5343 1069 5394; x_wconf 90' lang='lat' dir='ltr'><strong><em>est</em></strong></span> <span class='ocrx_word' id='word_1_807' title='bbox 1085 5339 1107 5406; x_wconf 74' lang='lat'><strong><em>(1</em></strong></span> <span class='ocrx_word' id='word_1_808' title='bbox 1126 5337 1283 5395; x_wconf 89' lang='lat' dir='ltr'><strong><em>narrabilis</em></strong></span> <span class='ocrx_word' id='word_1_809' title='bbox 1300 5354 1340 5395; x_wconf 81' lang='lat' dir='ltr'><strong><em>ras</em></strong></span> <span class='ocrx_word' id='word_1_810' title='bbox 1363 5341 1566 5413; x_wconf 81' lang='lat' dir='ltr'><strong><em>magnitudine</em></strong></span> <span class='ocrx_word' id='word_1_811' title='bbox 1585 5343 1614 5397; x_wconf 90' lang='lat' dir='ltr'><strong><em>et</em></strong></span> <span class='ocrx_word' id='word_1_812' title='bbox 1638 5339 1795 5410; x_wconf 76' lang='lat' dir='ltr'><strong><em>molestato</em></strong></span> <span class='ocrx_word' id='word_1_813' title='bbox 1809 5341 1936 5389; x_wconf 81' lang='lat' dir='ltr'><strong><em>excussu·</em></strong></span> 
     </span>
     <span class='ocr_line' id='line_1_63' title="bbox 244 5401 1936 5483; baseline -0.007 -12"><span class='ocrx_word' id='word_1_814' title='bbox 244 5415 465 5483; x_wconf 86' lang='lat' dir='ltr'><strong><em>enimspiritus‚</em></strong></span> <span class='ocrx_word' id='word_1_815' title='bbox 482 5427 538 5481; x_wconf 82' lang='lat' dir='ltr'><strong><em>ouo</em></strong></span> <span class='ocrx_word' id='word_1_816' title='bbox 566 5425 708 5466; x_wconf 74' lang='lat' dir='ltr'><strong><em>miracus</em></strong></span> <span class='ocrx_word' id='word_1_817' title='bbox 731 5411 832 5477; x_wconf 82' lang='lat' dir='ltr'><strong><em>edidit,</em></strong></span> <span class='ocrx_word' id='word_1_818' title='bbox 861 5417 992 5468; x_wconf 87' lang='lat' dir='ltr'><strong><em>etsermo</em></strong></span> <span class='ocrx_word' id='word_1_819' title='bbox 1009 5413 1067 5478; x_wconf 86' lang='lat' dir='ltr'><strong><em>Dei,</em></strong></span> <span class='ocrx_word' id='word_1_820' title='bbox 1125 5413 1184 5472; x_wconf 87' lang='lat' dir='ltr'><strong><em>tur.</em></strong></span> <span class='ocrx_word' id='word_1_821' title='bbox 1201 5411 1333 5466; x_wconf 83' lang='lat' dir='ltr'><strong><em>modain</em></strong></span> <span class='ocrx_word' id='word_1_822' title='bbox 1352 5410 1382 5466; x_wconf 86' lang='lat' dir='ltr'><strong><em>id</em></strong></span> <span class='ocrx_word' id='word_1_823' title='bbox 1411 5413 1622 5482; x_wconf 84' lang='lat' dir='ltr'><strong><em>consentiatur,</em></strong></span> <span class='ocrx_word' id='word_1_824' title='bbox 1645 5416 1678 5466; x_wconf 89' lang='lat' dir='ltr'><strong><em>ut</em></strong></span> <span class='ocrx_word' id='word_1_825' title='bbox 1707 5406 1814 5466; x_wconf 81' lang='lat' dir='ltr'><strong><em>Filium</em></strong></span> <span class='ocrx_word' id='word_1_826' title='bbox 1836 5401 1936 5459; x_wconf 62' lang='lat' dir='ltr'><strong><em>austro</em></strong></span> 
     </span>
     <span class='ocr_line' id='line_1_64' title="bbox 244 5469 1936 5557; baseline -0.009 -16"><span class='ocrx_word' id='word_1_827' title='bbox 244 5489 326 5553; x_wconf 90' lang='lat' dir='ltr'><strong><em>ratio,</em></strong></span> <span class='ocrx_word' id='word_1_828' title='bbox 344 5501 395 5542; x_wconf 89' lang='lat' dir='ltr'><strong><em>sau</em></strong></span> <span class='ocrx_word' id='word_1_829' title='bbox 411 5484 559 5556; x_wconf 88' lang='lat' dir='ltr'><strong><em>sapientia,</em></strong></span> <span class='ocrx_word' id='word_1_830' title='bbox 594 5499 635 5536; x_wconf 78' lang='lat' dir='ltr'><strong><em>use</em></strong></span> <span class='ocrx_word' id='word_1_831' title='bbox 650 5480 730 5536; x_wconf 89' lang='lat' dir='ltr'><strong><em>vonit</em></strong></span> <span class='ocrx_word' id='word_1_832' title='bbox 740 5481 770 5537; x_wconf 90' lang='lat' dir='ltr'><strong><em>iu</em></strong></span> <span class='ocrx_word' id='word_1_833' title='bbox 785 5483 940 5549; x_wconf 86' lang='lat' dir='ltr'><strong><em>mundum,</em></strong></span> <span class='ocrx_word' id='word_1_834' title='bbox 950 5487 983 5538; x_wconf 88' lang='lat' dir='ltr'><strong><em>ut</em></strong></span> <span class='ocrx_word' id='word_1_835' title='bbox 994 5483 1071 5540; x_wconf 85' lang='lat' dir='ltr'><strong><em>inira</em></strong></span> <span class='ocrx_word' id='word_1_836' title='bbox 1125 5480 1356 5552; x_wconf 75' lang='lat' dir='ltr'><strong><em>distinguamus,</em></strong></span> <span class='ocrx_word' id='word_1_837' title='bbox 1373 5499 1522 5557; x_wconf 87' lang='lat' dir='ltr'><strong><em>unamque</em></strong></span> <span class='ocrx_word' id='word_1_838' title='bbox 1533 5485 1562 5541; x_wconf 87' lang='lat' dir='ltr'><strong><em>in</em></strong></span> <span class='ocrx_word' id='word_1_839' title='bbox 1575 5483 1622 5554; x_wconf 89' lang='lat' dir='ltr'><strong><em>iis,</em></strong></span> <span class='ocrx_word' id='word_1_840' title='bbox 1634 5498 1666 5538; x_wconf 84' lang='lat' dir='ltr'><strong><em>so</em></strong></span> <span class='ocrx_word' id='word_1_841' title='bbox 1680 5479 1712 5536; x_wconf 88' lang='lat' dir='ltr'><strong><em>iu</em></strong></span> <span class='ocrx_word' id='word_1_842' title='bbox 1725 5475 1833 5551; x_wconf 79' lang='lat' dir='ltr'><strong><em>Spiritu</em></strong></span> <span class='ocrx_word' id='word_1_843' title='bbox 1849 5469 1936 5550; x_wconf 72' lang='lat' dir='ltr'><strong><em>sanato</em></strong></span> 
     </span>
     <span class='ocr_line' id='line_1_65' title="bbox 247 5497 1937 5636; baseline -0.009 -23"><span class='ocrx_word' id='word_1_844' title='bbox 247 5557 379 5628; x_wconf 85' lang='lat' dir='ltr'><strong><em>subjicit,</em></strong></span> <span class='ocrx_word' id='word_1_845' title='bbox 394 5556 474 5612; x_wconf 87' lang='lat' dir='ltr'><strong><em>Idem</em></strong></span> <span class='ocrx_word' id='word_1_846' title='bbox 498 5497 697 5636; x_wconf 54' lang='lat' dir='ltr'><strong><em>&#39;lerlfflliauus</em></strong></span> <span class='ocrx_word' id='word_1_847' title='bbox 723 5552 752 5608; x_wconf 91' lang='lat' dir='ltr'><strong><em>in</em></strong></span> <span class='ocrx_word' id='word_1_848' title='bbox 772 5555 908 5626; x_wconf 80' lang='lat' dir='ltr'><strong><em>Apolopisc</em></strong></span> <span class='ocrx_word' id='word_1_849' title='bbox 935 5571 999 5627; x_wconf 84' lang='lat' dir='ltr'><strong><em>usp.</em></strong></span> <span class='ocrx_word' id='word_1_850' title='bbox 1016 5556 1068 5624; x_wconf 79' lang='lat' dir='ltr'><strong><em>l&#39;l;</em></strong></span> <span class='ocrx_word' id='word_1_851' title='bbox 1124 5554 1282 5610; x_wconf 84' lang='lat' dir='ltr'><strong><em>essentiam</em></strong></span> <span class='ocrx_word' id='word_1_852' title='bbox 1299 5559 1327 5610; x_wconf 86' lang='lat' dir='ltr'><strong><em>et</em></strong></span> <span class='ocrx_word' id='word_1_853' title='bbox 1343 5560 1478 5612; x_wconf 87' lang='lat' dir='ltr'><strong><em>naturam</em></strong></span> <span class='ocrx_word' id='word_1_854' title='bbox 1501 5555 1704 5630; x_wconf 81' lang='lat' dir='ltr'><strong><em>predicemus.</em></strong></span> <span class='ocrx_word' id='word_1_855' title='bbox 1727 5555 1773 5608; x_wconf 90' lang='lat' dir='ltr'><strong><em>tta</em></strong></span> <span class='ocrx_word' id='word_1_856' title='bbox 1809 5543 1937 5628; x_wconf 62' lang='lat' dir='ltr'><strong><em>recturus·</em></strong></span> 
     </span>
     <span class='ocr_line' id='line_1_66' title="bbox 247 5611 1936 5698; baseline -0.012 -14"><span class='ocrx_word' id='word_1_857' title='bbox 247 5650 261 5679; x_wconf 80' lang='grc' dir='ltr'>ι</span> <span class='ocrx_word' id='word_1_858' title='bbox 278 5629 358 5692; x_wconf 87' lang='lat' dir='ltr'><strong><em>Quod</em></strong></span> <span class='ocrx_word' id='word_1_859' title='bbox 375 5625 633 5698; x_wconf 86' lang='lat' dir='ltr'><strong><em>colimus,inqu1t,</em></strong></span> <span class='ocrx_word' id='word_1_860' title='bbox 655 5623 732 5681; x_wconf 87' lang='lat' dir='ltr'><strong><em>Deus</em></strong></span> <span class='ocrx_word' id='word_1_861' title='bbox 747 5641 825 5682; x_wconf 90' lang='lat' dir='ltr'><strong><em>unus</em></strong></span> <span class='ocrx_word' id='word_1_862' title='bbox 839 5630 894 5695; x_wconf 85' lang='lat' dir='ltr'><strong><em>est,</em></strong></span> <span class='ocrx_word' id='word_1_863' title='bbox 910 5628 960 5697; x_wconf 86' lang='lat' dir='ltr'><strong><em>qui</em></strong></span> <span class='ocrx_word' id='word_1_864' title='bbox 976 5631 1069 5684; x_wconf 89' lang='lat' dir='ltr'><strong><em>totam</em></strong></span> <span class='ocrx_word' id='word_1_865' title='bbox 1122 5624 1198 5684; x_wconf 88' lang='lat' dir='ltr'><strong><em>sime</em></strong></span> <span class='ocrx_word' id='word_1_866' title='bbox 1212 5625 1434 5685; x_wconf 90' lang='lat' dir='ltr'><strong><em>sensitsanctus</em></strong></span> <span class='ocrx_word' id='word_1_867' title='bbox 1456 5627 1634 5687; x_wconf 82' lang='lat' dir='ltr'><strong><em>Ambrosius</em></strong></span> <span class='ocrx_word' id='word_1_868' title='bbox 1655 5625 1685 5681; x_wconf 90' lang='lat' dir='ltr'><strong><em>in</em></strong></span> <span class='ocrx_word' id='word_1_869' title='bbox 1705 5621 1759 5680; x_wconf 88' lang='lat' dir='ltr'><strong><em>lib.</em></strong></span> <span class='ocrx_word' id='word_1_870' title='bbox 1797 5616 1886 5677; x_wconf 80' lang='lat' dir='ltr'><strong><em>eitln</em></strong></span> <span class='ocrx_word' id='word_1_871' title='bbox 1897 5611 1936 5666; x_wconf 85' lang='lat' dir='ltr'><strong><em>tlt·</em></strong></span> 
     </span>
    </p>
   </div>
   <div class='ocr_carea' id='block_1_20' title="bbox 0 0 2079 6180">
    <p class='ocr_par' dir='ltr' id='par_1_23' title="bbox 0 0 2079 6180">
     <span class='ocr_line' id='line_1_67' title="bbox 0 0 2079 6180; baseline 0 0"><span class='ocrx_word' id='word_1_872' title='bbox 0 0 2079 6180; x_wconf 95' lang='lat' dir='ltr'><strong><em> </em></strong></span> 
     </span>
    </p>
   </div>
  </div>
 </body>
</html>
