<?xml version="1.0" encoding="UTF-8"?>
<!DOCTYPE html PUBLIC "-//W3C//DTD XHTML 1.0 Transitional//EN"
    "http://www.w3.org/TR/xhtml1/DTD/xhtml1-transitional.dtd">
<html xmlns="http://www.w3.org/1999/xhtml" xml:lang="en" lang="en">
 <head>
  <title>
</title>
<meta http-equiv="Content-Type" content="text/html;charset=utf-8" />
  <meta name='ocr-system' content='tesseract 3.04.00' />
  <meta name='ocr-capabilities' content='ocr_page ocr_carea ocr_par ocr_line ocrx_word'/>
</head>
<body>
  <div class='ocr_page' id='page_1' title='image "./patrologiaecurs98unkngoog/patrologiaecurs98unkngoog_0061.png"; bbox 0 0 4156 6194; ppageno 0'>
   <div class='ocr_carea' id='block_1_1' title="bbox 208 337 1916 409">
    <p class='ocr_par' dir='ltr' id='par_1_1' title="bbox 208 337 1916 409">
     <span class='ocr_line' id='line_1_1' title="bbox 208 337 1916 409; baseline 0.001 -3"><span class='ocrx_word' id='word_1_1' title='bbox 208 347 264 406; x_wconf 84' lang='lat' dir='ltr'><strong>iii</strong></span> <span class='ocrx_word' id='word_1_2' title='bbox 863 337 1130 401; x_wconf 67' lang='lat' dir='ltr'><strong>auertentem</strong></span> <span class='ocrx_word' id='word_1_3' title='bbox 1154 337 1259 400; x_wconf 78' lang='lat' dir='ltr'><strong>Vl&#39;l&#39;A.</strong></span> <span class='ocrx_word' id='word_1_4' title='bbox 1858 347 1916 409; x_wconf 63' lang='lat' dir='ltr'><strong>tib</strong></span> 
     </span>
    </p>
   </div>
   <div class='ocr_carea' id='block_1_2' title="bbox 206 471 1919 996">
    <p class='ocr_par' dir='ltr' id='par_1_2' title="bbox 206 471 1919 996">
     <span class='ocr_line' id='line_1_2' title="bbox 206 471 1918 549; baseline 0 -12"><span class='ocrx_word' id='word_1_5' title='bbox 206 495 272 537; x_wconf 89' lang='lat' dir='ltr'><strong>mos</strong></span> <span class='ocrx_word' id='word_1_6' title='bbox 286 477 425 536; x_wconf 78' lang='lat' dir='ltr'><strong>fidelibus</strong></span> <span class='ocrx_word' id='word_1_7' title='bbox 438 479 561 535; x_wconf 86' lang='lat' dir='ltr'><strong>adderet</strong></span> <span class='ocrx_word' id='word_1_8' title='bbox 579 492 734 534; x_wconf 77' lang='lat' dir='ltr'><strong>censemus</strong></span> <span class='ocrx_word' id='word_1_9' title='bbox 750 474 852 532; x_wconf 88' lang='lat' dir='ltr'><strong>eodem</strong></span> <span class='ocrx_word' id='word_1_10' title='bbox 867 487 940 546; x_wconf 89' lang='lat' dir='ltr'><strong>peno</strong></span> <span class='ocrx_word' id='word_1_11' title='bbox 956 475 1031 528; x_wconf 73' lang='lat' dir='ltr'><strong>tem·</strong></span> <span class='ocrx_word' id='word_1_12' title='bbox 1046 472 1074 540; x_wconf 72' lang='lat' dir='ltr'><strong>A</strong></span> <span class='ocrx_word' id='word_1_13' title='bbox 1088 471 1166 529; x_wconf 90' lang='lat' dir='ltr'><strong>dicta</strong></span> <span class='ocrx_word' id='word_1_14' title='bbox 1176 475 1279 529; x_wconf 90' lang='lat' dir='ltr'><strong>nostra</strong></span> <span class='ocrx_word' id='word_1_15' title='bbox 1293 473 1472 546; x_wconf 71' lang='lat' dir='ltr'><strong>coniectura.</strong></span> <span class='ocrx_word' id='word_1_16' title='bbox 1485 474 1639 533; x_wconf 81' lang='lat' dir='ltr'><strong>Conciliari</strong></span> <span class='ocrx_word' id='word_1_17' title='bbox 1653 475 1774 548; x_wconf 87' lang='lat' dir='ltr'><strong>quidem</strong></span> <span class='ocrx_word' id='word_1_18' title='bbox 1791 482 1918 549; x_wconf 75' lang='lat' dir='ltr'>possunt</span> 
     </span>
     <span class='ocr_line' id='line_1_3' title="bbox 206 559 1919 644; baseline -0.001 -18"><span class='ocrx_word' id='word_1_19' title='bbox 206 585 276 644; x_wconf 88' lang='lat' dir='ltr'><strong>pore</strong></span> <span class='ocrx_word' id='word_1_20' title='bbox 291 569 434 641; x_wconf 89' lang='lat' dir='ltr'><strong>scriptum</strong></span> <span class='ocrx_word' id='word_1_21' title='bbox 450 568 559 624; x_wconf 89' lang='lat' dir='ltr'><strong>librum</strong></span> <span class='ocrx_word' id='word_1_22' title='bbox 575 583 609 624; x_wconf 81' lang='lat' dir='ltr'><strong>nn</strong></span> <span class='ocrx_word' id='word_1_23' title='bbox 631 567 682 622; x_wconf 84' lang='lat' dir='ltr'><strong>Srn</strong></span> <span class='ocrx_word' id='word_1_24' title='bbox 697 565 840 622; x_wconf 73' lang='lat' dir='ltr'><strong>Prummu.</strong></span> <span class='ocrx_word' id='word_1_25' title='bbox 857 565 1034 635; x_wconf 75' lang='lat' dir='ltr'><strong>Quanquam</strong></span> <span class='ocrx_word' id='word_1_26' title='bbox 1088 559 1295 634; x_wconf 71' lang='lat' dir='ltr'><strong>inscriptiones</strong></span> <span class='ocrx_word' id='word_1_27' title='bbox 1320 567 1348 620; x_wconf 90' lang='lat' dir='ltr'><strong>et</strong></span> <span class='ocrx_word' id='word_1_28' title='bbox 1363 564 1432 620; x_wconf 85' lang='lat' dir='ltr'><strong>insti</strong></span> <span class='ocrx_word' id='word_1_29' title='bbox 1448 564 1617 621; x_wconf 89' lang='lat' dir='ltr'><strong>consulares</strong></span> <span class='ocrx_word' id='word_1_30' title='bbox 1637 581 1703 620; x_wconf 90' lang='lat' dir='ltr'><strong>cum</strong></span> <span class='ocrx_word' id='word_1_31' title='bbox 1719 564 1873 640; x_wconf 89' lang='lat' dir='ltr'><strong>Onuphrio</strong></span> <span class='ocrx_word' id='word_1_32' title='bbox 1889 571 1919 625; x_wconf 90' lang='lat' dir='ltr'><strong>et</strong></span> 
     </span>
     <span class='ocr_line' id='line_1_4' title="bbox 206 647 1917 728; baseline -0.001 -15"><span class='ocrx_word' id='word_1_33' title='bbox 206 657 325 715; x_wconf 86' lang='lat' dir='ltr'><strong>interim</strong></span> <span class='ocrx_word' id='word_1_34' title='bbox 337 655 525 713; x_wconf 81' lang='lat' dir='ltr'><strong>verissimum</strong></span> <span class='ocrx_word' id='word_1_35' title='bbox 549 653 766 728; x_wconf 84' lang='lat' dir='ltr'><strong>comperiamus</strong></span> <span class='ocrx_word' id='word_1_36' title='bbox 782 652 855 708; x_wconf 92' lang='lat' dir='ltr'><strong>illud</strong></span> <span class='ocrx_word' id='word_1_37' title='bbox 877 649 1034 724; x_wconf 85' lang='lat' dir='ltr'><strong>proverbii,</strong></span> <span class='ocrx_word' id='word_1_38' title='bbox 1089 647 1181 705; x_wconf 86' lang='lat' dir='ltr'><strong>attera</strong></span> <span class='ocrx_word' id='word_1_39' title='bbox 1195 651 1321 722; x_wconf 87' lang='lat' dir='ltr'><strong>quadam</strong></span> <span class='ocrx_word' id='word_1_40' title='bbox 1337 651 1529 725; x_wconf 74' lang='lat' dir='ltr'><strong>inscriptione</strong></span> <span class='ocrx_word' id='word_1_41' title='bbox 1550 652 1600 709; x_wconf 88' lang='lat' dir='ltr'><strong>ubi</strong></span> <span class='ocrx_word' id='word_1_42' title='bbox 1616 653 1782 727; x_wconf 85' lang='lat' dir='ltr'><strong>appellatur</strong></span> <span class='ocrx_word' id='word_1_43' title='bbox 1796 657 1917 713; x_wconf 91' lang='lat' dir='ltr'><strong>Antoni-</strong></span> 
     </span>
     <span class='ocr_line' id='line_1_5' title="bbox 208 740 1919 821; baseline 0 -18"><span class='ocrx_word' id='word_1_44' title='bbox 208 748 287 821; x_wconf 92' lang='lat' dir='ltr'><strong>quod</strong></span> <span class='ocrx_word' id='word_1_45' title='bbox 303 763 476 803; x_wconf 89' lang='lat' dir='ltr'><strong>orrorunus</strong></span> <span class='ocrx_word' id='word_1_46' title='bbox 495 745 586 802; x_wconf 80' lang='lat' dir='ltr'><strong>aliam</strong></span> <span class='ocrx_word' id='word_1_47' title='bbox 610 745 718 812; x_wconf 86' lang='lat' dir='ltr'><strong>trahat,</strong></span> <span class='ocrx_word' id='word_1_48' title='bbox 735 746 835 814; x_wconf 78' lang='lat' dir='ltr'>utpote</span> <span class='ocrx_word' id='word_1_49' title='bbox 859 757 925 796; x_wconf 90' lang='lat' dir='ltr'><strong>oum</strong></span> <span class='ocrx_word' id='word_1_50' title='bbox 949 755 1035 812; x_wconf 85' lang='lat' dir='ltr'><strong>pora·</strong></span> <span class='ocrx_word' id='word_1_51' title='bbox 1089 754 1147 793; x_wconf 91' lang='lat' dir='ltr'><strong>nus</strong></span> <span class='ocrx_word' id='word_1_52' title='bbox 1161 740 1235 812; x_wconf 85' lang='lat' dir='ltr'><strong>Aug.</strong></span> <span class='ocrx_word' id='word_1_53' title='bbox 1258 740 1339 796; x_wconf 81' lang='lat' dir='ltr'><strong>Trib.</strong></span> <span class='ocrx_word' id='word_1_54' title='bbox 1370 745 1431 798; x_wconf 83' lang='lat' dir='ltr'><strong>Pot.</strong></span> <span class='ocrx_word' id='word_1_55' title='bbox 1447 759 1475 812; x_wconf 81' lang='lat' dir='ltr'><strong>x,</strong></span> <span class='ocrx_word' id='word_1_56' title='bbox 1494 746 1557 800; x_wconf 82' lang='lat' dir='ltr'><strong>Cos.</strong></span> <span class='ocrx_word' id='word_1_57' title='bbox 1575 759 1607 798; x_wconf 89' lang='lat'><strong>111</strong></span> <span class='ocrx_word' id='word_1_58' title='bbox 1629 741 1723 816; x_wconf 80' lang='lat' dir='ltr'><strong>desig.</strong></span> <span class='ocrx_word' id='word_1_59' title='bbox 1745 747 1777 800; x_wconf 91' lang='lat' dir='ltr'><strong>ut</strong></span> <span class='ocrx_word' id='word_1_60' title='bbox 1801 744 1919 803; x_wconf 82' lang='lat' dir='ltr'><strong>dicatur</strong></span> 
     </span>
     <span class='ocr_line' id='line_1_6' title="bbox 208 829 1919 906; baseline 0.001 -14"><span class='ocrx_word' id='word_1_61' title='bbox 208 838 305 892; x_wconf 85' lang='lat' dir='ltr'><strong>doxon</strong></span> <span class='ocrx_word' id='word_1_62' title='bbox 330 835 370 890; x_wconf 90' lang='lat' dir='ltr'><strong>sit</strong></span> <span class='ocrx_word' id='word_1_63' title='bbox 391 835 547 906; x_wconf 78' lang='lat' dir='ltr'><strong>utriusqus</strong></span> <span class='ocrx_word' id='word_1_64' title='bbox 570 833 638 889; x_wconf 88' lang='lat' dir='ltr'><strong>libri</strong></span> <span class='ocrx_word' id='word_1_65' title='bbox 663 831 743 888; x_wconf 89' lang='lat' dir='ltr'><strong>iliius</strong></span> <span class='ocrx_word' id='word_1_66' title='bbox 768 833 988 903; x_wconf 79' lang='lat' dir='ltr'><strong>argumentum,</strong></span> <span class='ocrx_word' id='word_1_67' title='bbox 1008 830 1037 884; x_wconf 92' lang='lat' dir='ltr'><strong>st</strong></span> <span class='ocrx_word' id='word_1_68' title='bbox 1090 830 1203 900; x_wconf 80' lang='lat' dir='ltr'><strong>emptus</strong></span> <span class='ocrx_word' id='word_1_69' title='bbox 1222 829 1288 900; x_wconf 89' lang='lat' dir='ltr'><strong>ejus</strong></span> <span class='ocrx_word' id='word_1_70' title='bbox 1311 831 1499 888; x_wconf 90' lang='lat' dir='ltr'><strong>annusxhis</strong></span> <span class='ocrx_word' id='word_1_71' title='bbox 1524 835 1605 890; x_wconf 84' lang='lat' dir='ltr'><strong>Coss.</strong></span> <span class='ocrx_word' id='word_1_72' title='bbox 1622 833 1657 888; x_wconf 91' lang='lat' dir='ltr'><strong>ad</strong></span> <span class='ocrx_word' id='word_1_73' title='bbox 1683 833 1747 890; x_wconf 85' lang='lat' dir='ltr'><strong>Kal.</strong></span> <span class='ocrx_word' id='word_1_74' title='bbox 1771 835 1873 902; x_wconf 86' lang='lat' dir='ltr'><strong>Maias,</strong></span> <span class='ocrx_word' id='word_1_75' title='bbox 1890 839 1919 893; x_wconf 91' lang='lat' dir='ltr'><strong>et</strong></span> 
     </span>
     <span class='ocr_line' id='line_1_7' title="bbox 208 915 1919 996; baseline 0 -15"><span class='ocrx_word' id='word_1_76' title='bbox 208 925 286 981; x_wconf 91' lang='lat' dir='ltr'><strong>haud</strong></span> <span class='ocrx_word' id='word_1_77' title='bbox 303 939 413 996; x_wconf 87' lang='lat' dir='ltr'><strong>paneas</strong></span> <span class='ocrx_word' id='word_1_78' title='bbox 429 926 568 995; x_wconf 81' lang='lat' dir='ltr'><strong>preterea</strong></span> <span class='ocrx_word' id='word_1_79' title='bbox 591 921 718 994; x_wconf 88' lang='lat' dir='ltr'><strong>reperire</strong></span> <span class='ocrx_word' id='word_1_80' title='bbox 737 919 776 976; x_wconf 89' lang='lat' dir='ltr'><strong>sit</strong></span> <span class='ocrx_word' id='word_1_81' title='bbox 799 917 952 992; x_wconf 81' lang='lat' dir='ltr'><strong>opiniones</strong></span> <span class='ocrx_word' id='word_1_82' title='bbox 977 932 1036 973; x_wconf 92' lang='lat' dir='ltr'><strong>non</strong></span> <span class='ocrx_word' id='word_1_83' title='bbox 1091 915 1194 973; x_wconf 87' lang='lat' dir='ltr'><strong>tinitus</strong></span> <span class='ocrx_word' id='word_1_84' title='bbox 1216 933 1293 973; x_wconf 91' lang='lat' dir='ltr'><strong>anno</strong></span> <span class='ocrx_word' id='word_1_85' title='bbox 1318 919 1451 992; x_wconf 83' lang='lat' dir='ltr'><strong>sequenti</strong></span> <span class='ocrx_word' id='word_1_86' title='bbox 1467 919 1530 977; x_wconf 86' lang='lat' dir='ltr'><strong>Kal.</strong></span> <span class='ocrx_word' id='word_1_87' title='bbox 1547 920 1632 978; x_wconf 88' lang='lat' dir='ltr'><strong>Maiis</strong></span> <span class='ocrx_word' id='word_1_88' title='bbox 1649 939 1656 978; x_wconf 92' lang='lat'><strong>:</strong></span> <span class='ocrx_word' id='word_1_89' title='bbox 1673 922 1723 978; x_wconf 91' lang='lat' dir='ltr'><strong>sed</strong></span> <span class='ocrx_word' id='word_1_90' title='bbox 1743 938 1797 979; x_wconf 89' lang='lat' dir='ltr'><strong>nos</strong></span> <span class='ocrx_word' id='word_1_91' title='bbox 1812 923 1846 979; x_wconf 89' lang='lat' dir='ltr'><strong>ad</strong></span> <span class='ocrx_word' id='word_1_92' title='bbox 1864 939 1919 982; x_wconf 86' lang='lat' dir='ltr'><strong>an·</strong></span> 
     </span>
    </p>
   </div>
   <div class='ocr_carea' id='block_1_3' title="bbox 207 1004 1922 1350">
    <p class='ocr_par' dir='ltr' id='par_1_3' title="bbox 207 1004 1922 1350">
     <span class='ocr_line' id='line_1_8' title="bbox 208 1004 1922 1085; baseline -0.002 -14"><span class='ocrx_word' id='word_1_93' title='bbox 208 1013 281 1071; x_wconf 88' lang='lat' dir='ltr'><strong>satis</strong></span> <span class='ocrx_word' id='word_1_94' title='bbox 308 1029 397 1071; x_wconf 88' lang='lat' dir='ltr'><strong>sauss</strong></span> <span class='ocrx_word' id='word_1_95' title='bbox 423 1011 454 1067; x_wconf 91' lang='lat' dir='ltr'><strong>in</strong></span> <span class='ocrx_word' id='word_1_96' title='bbox 479 1011 557 1067; x_wconf 91' lang='lat' dir='ltr'><strong>dicto</strong></span> <span class='ocrx_word' id='word_1_97' title='bbox 582 1009 657 1066; x_wconf 87' lang='lat' dir='ltr'><strong>libro</strong></span> <span class='ocrx_word' id='word_1_98' title='bbox 684 1010 721 1065; x_wconf 90' lang='lat' dir='ltr'><strong>ds</strong></span> <span class='ocrx_word' id='word_1_99' title='bbox 743 1007 853 1076; x_wconf 88' lang='lat' dir='ltr'><strong>anima,</strong></span> <span class='ocrx_word' id='word_1_100' title='bbox 870 1007 905 1062; x_wconf 88' lang='lat' dir='ltr'><strong>de</strong></span> <span class='ocrx_word' id='word_1_101' title='bbox 929 1004 1039 1079; x_wconf 87' lang='lat' dir='ltr'><strong>quibus</strong></span> <span class='ocrx_word' id='word_1_102' title='bbox 1094 1019 1165 1060; x_wconf 87' lang='lat' dir='ltr'><strong>uum</strong></span> <span class='ocrx_word' id='word_1_103' title='bbox 1181 1009 1350 1078; x_wconf 88' lang='lat' dir='ltr'><strong>sequentem</strong></span> <span class='ocrx_word' id='word_1_104' title='bbox 1365 1007 1473 1066; x_wconf 88' lang='lat' dir='ltr'><strong>reisrre</strong></span> <span class='ocrx_word' id='word_1_105' title='bbox 1488 1008 1659 1083; x_wconf 82' lang='lat' dir='ltr'><strong>metuimus,</strong></span> <span class='ocrx_word' id='word_1_106' title='bbox 1671 1027 1707 1067; x_wconf 94' lang='lat' dir='ltr'><strong>ne</strong></span> <span class='ocrx_word' id='word_1_107' title='bbox 1722 1010 1770 1068; x_wconf 90' lang='lat' dir='ltr'><strong>hia</strong></span> <span class='ocrx_word' id='word_1_108' title='bbox 1784 1011 1922 1085; x_wconf 89' lang='lat' dir='ltr'><strong>proiixio-</strong></span> 
     </span>
     <span class='ocr_line' id='line_1_9' title="bbox 208 1093 1262 1159; baseline -0.007 0"><span class='ocrx_word' id='word_1_109' title='bbox 208 1103 286 1159; x_wconf 91' lang='lat' dir='ltr'><strong>inter</strong></span> <span class='ocrx_word' id='word_1_110' title='bbox 311 1100 459 1158; x_wconf 80' lang='lat' dir='ltr'><strong>Parodana</strong></span> <span class='ocrx_word' id='word_1_111' title='bbox 473 1099 608 1156; x_wconf 89' lang='lat' dir='ltr'><strong>Auctoris</strong></span> <span class='ocrx_word' id='word_1_112' title='bbox 623 1113 690 1155; x_wconf 90' lang='lat' dir='ltr'><strong>cum</strong></span> <span class='ocrx_word' id='word_1_113' title='bbox 712 1096 847 1153; x_wconf 88' lang='lat' dir='ltr'><strong>Antidota</strong></span> <span class='ocrx_word' id='word_1_114' title='bbox 861 1094 963 1152; x_wconf 89' lang='lat' dir='ltr'><strong>istius.</strong></span> <span class='ocrx_word' id='word_1_115' title='bbox 979 1094 1039 1150; x_wconf 86' lang='lat' dir='ltr'><strong>Hoc</strong></span> <span class='ocrx_word' id='word_1_116' title='bbox 1094 1108 1140 1150; x_wconf 89' lang='lat' dir='ltr'><strong>ros</strong></span> <span class='ocrx_word' id='word_1_117' title='bbox 1156 1093 1262 1152; x_wconf 89' lang='lat' dir='ltr'><strong>simus.</strong></span> 
     </span>
     <span class='ocr_line' id='line_1_10' title="bbox 209 1184 1040 1261; baseline -0.008 -13"><span class='ocrx_word' id='word_1_118' title='bbox 209 1207 304 1249; x_wconf 90' lang='lat' dir='ltr'><strong>unum</strong></span> <span class='ocrx_word' id='word_1_119' title='bbox 320 1189 369 1246; x_wconf 89' lang='lat' dir='ltr'><strong>bic</strong></span> <span class='ocrx_word' id='word_1_120' title='bbox 384 1184 953 1261; x_wconf 87' lang='lat' dir='ltr'><strong>addimus,soriptumillumlibrum‚Ds</strong></span> <span class='ocrx_word' id='word_1_121' title='bbox 968 1186 1040 1241; x_wconf 86' lang='grc' dir='ltr'><strong><em>Οιιιιι</em></strong></span> 
     </span>
     <span class='ocr_line' id='line_1_11' title="bbox 207 1273 1039 1350; baseline -0.011 -12"><span class='ocrx_word' id='word_1_122' title='bbox 207 1283 294 1338; x_wconf 81' lang='lat' dir='ltr'><strong>Suara</strong></span> <span class='ocrx_word' id='word_1_123' title='bbox 307 1281 420 1347; x_wconf 72' lang='lat' dir='ltr'><strong>Amnem,</strong></span> <span class='ocrx_word' id='word_1_124' title='bbox 434 1277 478 1333; x_wconf 86' lang='lat' dir='ltr'><strong>vel</strong></span> <span class='ocrx_word' id='word_1_125' title='bbox 504 1277 570 1350; x_wconf 91' lang='lat' dir='ltr'><strong>ipso</strong></span> <span class='ocrx_word' id='word_1_126' title='bbox 585 1280 670 1344; x_wconf 90' lang='lat' dir='ltr'><strong>teste,</strong></span> <span class='ocrx_word' id='word_1_127' title='bbox 686 1277 737 1349; x_wconf 91' lang='lat' dir='ltr'><strong>qui</strong></span> <span class='ocrx_word' id='word_1_128' title='bbox 761 1275 833 1332; x_wconf 87' lang='lat' dir='ltr'><strong>adeo</strong></span> <span class='ocrx_word' id='word_1_129' title='bbox 848 1273 938 1332; x_wconf 91' lang='lat' dir='ltr'><strong>etiam</strong></span> <span class='ocrx_word' id='word_1_130' title='bbox 958 1274 1039 1330; x_wconf 81' lang='lat' dir='ltr'><strong>Gom-</strong></span> 
     </span>
    </p>
   </div>
   <div class='ocr_carea' id='block_1_4' title="bbox 209 1362 1921 1648">
    <p class='ocr_par' dir='ltr' id='par_1_4' title="bbox 209 1362 1921 1648">
     <span class='ocr_line' id='line_1_12' title="bbox 210 1362 1920 1480; baseline 0.002 -53"><span class='ocrx_word' id='word_1_131' title='bbox 210 1368 501 1470; x_wconf 29' lang='lat' dir='ltr'><strong>mcntariumlonimae</strong></span> <span class='ocrx_word' id='word_1_132' title='bbox 521 1369 686 1467; x_wconf 76' lang='lat' dir='ltr'><strong>nuncupat,</strong></span> <span class='ocrx_word' id='word_1_133' title='bbox 702 1368 802 1464; x_wconf 81' lang='lat' dir='ltr'><strong>utpote</strong></span> <span class='ocrx_word' id='word_1_134' title='bbox 814 1362 843 1420; x_wconf 94' lang='lat' dir='ltr'><strong>in</strong></span> <span class='ocrx_word' id='word_1_135' title='bbox 859 1381 919 1437; x_wconf 90' lang='lat' dir='ltr'><strong>qao</strong></span> <span class='ocrx_word' id='word_1_136' title='bbox 933 1365 1040 1464; x_wconf 76' lang='lat' dir='ltr'><strong>trsote-</strong></span> <span class='ocrx_word' id='word_1_137' title='bbox 1129 1399 1174 1454; x_wconf 43' lang='lat'><strong>27·</strong></span> <span class='ocrx_word' id='word_1_138' title='bbox 1190 1402 1218 1454; x_wconf 42' lang='grc' dir='ltr'><strong>Β.</strong></span> <span class='ocrx_word' id='word_1_139' title='bbox 1234 1399 1382 1473; x_wconf 56' lang='lat' dir='ltr'><strong>zephirini</strong></span> <span class='ocrx_word' id='word_1_140' title='bbox 1405 1403 1489 1475; x_wconf 59' lang='lat' dir='ltr'><strong>pm</strong></span> <span class='ocrx_word' id='word_1_141' title='bbox 1504 1403 1629 1460; x_wconf 55' lang='lat' dir='ltr'><strong>Romani</strong></span> <span class='ocrx_word' id='word_1_142' title='bbox 1643 1423 1673 1474; x_wconf 50' lang='grc' dir='ltr'><strong>ι,</strong></span> <span class='ocrx_word' id='word_1_143' title='bbox 1690 1405 1787 1463; x_wconf 56' lang='lat' dir='ltr'><strong>semi</strong></span> <span class='ocrx_word' id='word_1_144' title='bbox 1811 1406 1920 1480; x_wconf 45' lang='lat' dir='ltr'><strong>Imm·</strong></span> 
     </span>
     <span class='ocr_line' id='line_1_13' title="bbox 209 1451 1921 1561; baseline 0.002 -47"><span class='ocrx_word' id='word_1_145' title='bbox 209 1463 260 1558; x_wconf 79' lang='lat' dir='ltr'><strong>tur</strong></span> <span class='ocrx_word' id='word_1_146' title='bbox 274 1457 419 1531; x_wconf 80' lang='lat' dir='ltr'><strong>quidquid</strong></span> <span class='ocrx_word' id='word_1_147' title='bbox 430 1454 500 1512; x_wconf 81' lang='lat' dir='ltr'><strong>olim</strong></span> <span class='ocrx_word' id='word_1_148' title='bbox 517 1453 735 1555; x_wconf 82' lang='lat' dir='ltr'><strong>aphrlosophrs</strong></span> <span class='ocrx_word' id='word_1_149' title='bbox 750 1452 833 1554; x_wconf 67' lang='lat' dir='ltr'><strong>stab</strong></span> <span class='ocrx_word' id='word_1_150' title='bbox 846 1452 990 1553; x_wconf 78' lang='lat' dir='ltr'><strong>haereticis</strong></span> <span class='ocrx_word' id='word_1_151' title='bbox 1005 1451 1041 1507; x_wconf 90' lang='lat' dir='ltr'><strong>de</strong></span> <span class='ocrx_word' id='word_1_152' title='bbox 1094 1503 1154 1557; x_wconf 49' lang='lat' dir='ltr'><strong>m,</strong></span> <span class='ocrx_word' id='word_1_153' title='bbox 1170 1489 1241 1561; x_wconf 43' lang='lat' dir='ltr'><strong>imp·</strong></span> <span class='ocrx_word' id='word_1_154' title='bbox 1258 1505 1327 1546; x_wconf 43' lang='lat' dir='ltr'><strong>m·</strong></span> <span class='ocrx_word' id='word_1_155' title='bbox 1343 1507 1376 1546; x_wconf 39' lang='grc' dir='ltr'><strong>Μ,</strong></span> <span class='ocrx_word' id='word_1_156' title='bbox 1396 1507 1501 1548; x_wconf 42' lang='lat' dir='ltr'><strong>mm·</strong></span> <span class='ocrx_word' id='word_1_157' title='bbox 1527 1509 1627 1550; x_wconf 53' lang='lat' dir='ltr'><strong>emm</strong></span> <span class='ocrx_word' id='word_1_158' title='bbox 1647 1510 1716 1552; x_wconf 60' lang='lat' dir='ltr'><em>m</em></span> <span class='ocrx_word' id='word_1_159' title='bbox 1733 1512 1760 1552; x_wconf 41' lang='lat' dir='ltr'><strong>F·</strong></span> <span class='ocrx_word' id='word_1_160' title='bbox 1774 1511 1921 1553; x_wconf 57' lang='lat' dir='ltr'><strong>Ammo</strong></span> 
     </span>
     <span class='ocr_line' id='line_1_14' title="bbox 211 1540 1921 1648; baseline 0.004 -46"><span class='ocrx_word' id='word_1_161' title='bbox 211 1561 313 1603; x_wconf 81' lang='lat' dir='ltr'><strong>anima</strong></span> <span class='ocrx_word' id='word_1_162' title='bbox 337 1547 494 1600; x_wconf 87' lang='lat' dir='ltr'><strong>tractatum</strong></span> <span class='ocrx_word' id='word_1_163' title='bbox 512 1544 613 1614; x_wconf 70' lang='lat' dir='ltr'><strong>initui</strong></span> <span class='ocrx_word' id='word_1_164' title='bbox 628 1557 724 1614; x_wconf 88' lang='lat' dir='ltr'><strong>nsque</strong></span> <span class='ocrx_word' id='word_1_165' title='bbox 746 1540 930 1613; x_wconf 77' lang='lat' dir='ltr'><strong>philosophis</strong></span> <span class='ocrx_word' id='word_1_166' title='bbox 945 1555 1041 1613; x_wconf 87' lang='lat' dir='ltr'><strong>nsque</strong></span> <span class='ocrx_word' id='word_1_167' title='bbox 1094 1593 1162 1632; x_wconf 40' lang='lat' dir='ltr'><strong>wu-</strong></span> <span class='ocrx_word' id='word_1_168' title='bbox 1179 1593 1221 1648; x_wconf 52' lang='lat' dir='ltr'><strong>m,</strong></span> <span class='ocrx_word' id='word_1_169' title='bbox 1241 1594 1273 1634; x_wconf 59' lang='grc' dir='ltr'><strong>Π</strong></span> <span class='ocrx_word' id='word_1_170' title='bbox 1297 1595 1323 1634; x_wconf 38' lang='lat' dir='ltr'><strong>p·</strong></span> <span class='ocrx_word' id='word_1_171' title='bbox 1348 1596 1482 1636; x_wconf 53' lang='lat' dir='ltr'><strong>emmo</strong></span> <span class='ocrx_word' id='word_1_172' title='bbox 1506 1597 1602 1638; x_wconf 44' lang='lat' dir='ltr'><strong>sm·</strong></span> <span class='ocrx_word' id='word_1_173' title='bbox 1628 1599 1697 1640; x_wconf 46' lang='lat' dir='ltr'><strong>m·</strong></span> <span class='ocrx_word' id='word_1_174' title='bbox 1720 1600 1746 1640; x_wconf 37' lang='lat'><strong>1,-</strong></span> <span class='ocrx_word' id='word_1_175' title='bbox 1769 1601 1839 1642; x_wconf 49' lang='lat' dir='ltr'><strong>am</strong></span> <span class='ocrx_word' id='word_1_176' title='bbox 1858 1600 1921 1642; x_wconf 46' lang='grc' dir='ltr'><strong>ωε.</strong></span> 
     </span>
    </p>
   </div>
   <div class='ocr_carea' id='block_1_5' title="bbox 212 1629 1923 1738">
    <p class='ocr_par' dir='ltr' id='par_1_5' title="bbox 212 1629 1923 1738">
     <span class='ocr_line' id='line_1_15' title="bbox 212 1629 1923 1738; baseline 0.019 -40"><span class='ocrx_word' id='word_1_177' title='bbox 212 1633 358 1708; x_wconf 62' lang='lat' dir='ltr'><strong>theologii</strong></span> <span class='ocrx_word' id='word_1_178' title='bbox 373 1631 430 1689; x_wconf 64' lang='lat'><strong>⁸¹5⁰</strong></span> <span class='ocrx_word' id='word_1_179' title='bbox 445 1632 533 1689; x_wconf 70' lang='lat' dir='ltr'><strong>h⁰di⁸</strong></span> <span class='ocrx_word' id='word_1_180' title='bbox 548 1629 759 1688; x_wconf 53' lang='lat' dir='ltr'><strong>⁰⁰mm⁰¹¹tafi⁰</strong></span> <span class='ocrx_word' id='word_1_181' title='bbox 776 1629 815 1686; x_wconf 57' lang='grc' dir='ltr'><strong>Βῆ</strong></span> <span class='ocrx_word' id='word_1_182' title='bbox 829 1645 916 1702; x_wconf 74' lang='lat' dir='ltr'><strong>⁰p¹¹⁵·</strong></span> <span class='ocrx_word' id='word_1_183' title='bbox 1095 1670 1162 1738; x_wconf 91' lang='lat' dir='ltr'><strong>post</strong></span> <span class='ocrx_word' id='word_1_184' title='bbox 1177 1665 1322 1723; x_wconf 84' lang='lat' dir='ltr'><strong>celebrate</strong></span> <span class='ocrx_word' id='word_1_185' title='bbox 1347 1668 1521 1726; x_wconf 86' lang='lat' dir='ltr'><strong>Decennaiia</strong></span> <span class='ocrx_word' id='word_1_186' title='bbox 1542 1671 1684 1728; x_wconf 82' lang='lat' dir='ltr'><strong>Antonini</strong></span> <span class='ocrx_word' id='word_1_187' title='bbox 1708 1673 1805 1731; x_wconf 74' lang='lat' dir='ltr'><strong>Bomio</strong></span> <span class='ocrx_word' id='word_1_188' title='bbox 1818 1690 1837 1730; x_wconf 90' lang='lat' dir='ltr'><strong>a</strong></span> <span class='ocrx_word' id='word_1_189' title='bbox 1849 1673 1923 1731; x_wconf 82' lang='lat' dir='ltr'><strong>Ten·</strong></span> 
     </span>
    </p>
   </div>
   <div class='ocr_carea' id='block_1_6' title="bbox 210 1757 1942 4411">
    <p class='ocr_par' dir='ltr' id='par_1_6' title="bbox 1057 1757 1925 1923">
     <span class='ocr_line' id='line_1_16' title="bbox 1094 1757 1924 1828; baseline 0.012 -18"><span class='ocrx_word' id='word_1_190' title='bbox 1094 1770 1225 1813; x_wconf 77' lang='lat' dir='ltr'><strong>mantano</strong></span> <span class='ocrx_word' id='word_1_191' title='bbox 1255 1757 1399 1828; x_wconf 90' lang='lat' dir='ltr'><strong>scriptum</strong></span> <span class='ocrx_word' id='word_1_192' title='bbox 1428 1774 1584 1816; x_wconf 86' lang='lat' dir='ltr'><strong>censemus</strong></span> <span class='ocrx_word' id='word_1_193' title='bbox 1611 1759 1720 1817; x_wconf 89' lang='lat' dir='ltr'><strong>librum</strong></span> <span class='ocrx_word' id='word_1_194' title='bbox 1749 1780 1784 1819; x_wconf 86' lang='lat' dir='ltr'><strong>aa</strong></span> <span class='ocrx_word' id='word_1_195' title='bbox 1812 1762 1924 1820; x_wconf 80' lang='grc' dir='ltr'><strong><em>Οοιιοιιι</em></strong></span> 
     </span>
     <span class='ocr_line' id='line_1_17' title="bbox 1057 1844 1925 1923; baseline 0.01 -23"><span class='ocrx_word' id='word_1_196' title='bbox 1057 1844 1214 1920; x_wconf 72' lang='lat' dir='ltr'><strong>Bituitus.</strong></span> <span class='ocrx_word' id='word_1_197' title='bbox 1232 1845 1330 1902; x_wconf 81' lang='lat' dir='ltr'><strong>Roma</strong></span> <span class='ocrx_word' id='word_1_198' title='bbox 1354 1847 1433 1904; x_wconf 93' lang='lat' dir='ltr'><strong>enim</strong></span> <span class='ocrx_word' id='word_1_199' title='bbox 1456 1848 1599 1922; x_wconf 89' lang='lat' dir='ltr'><strong>scriptum</strong></span> <span class='ocrx_word' id='word_1_200' title='bbox 1622 1855 1744 1923; x_wconf 83' lang='lat' dir='ltr'><strong>apparet</strong></span> <span class='ocrx_word' id='word_1_201' title='bbox 1768 1867 1804 1909; x_wconf 86' lang='lat' dir='ltr'><strong>ex</strong></span> <span class='ocrx_word' id='word_1_202' title='bbox 1826 1850 1925 1909; x_wconf 81' lang='lat' dir='ltr'><strong>vorbis</strong></span> 
     </span>
    </p>

    <p class='ocr_par' dir='ltr' id='par_1_7' title="bbox 210 1930 1942 4411">
     <span class='ocr_line' id='line_1_18' title="bbox 250 1930 1924 2014; baseline 0.001 -19"><span class='ocrx_word' id='word_1_203' title='bbox 250 1938 352 2009; x_wconf 68' lang='lat' dir='ltr'><strong>§xm</strong></span> <span class='ocrx_word' id='word_1_204' title='bbox 379 1940 415 1994; x_wconf 84' lang='lat' dir='ltr'><strong>be</strong></span> <span class='ocrx_word' id='word_1_205' title='bbox 437 1938 519 1996; x_wconf 86' lang='lat' dir='ltr'><strong>libris</strong></span> <span class='ocrx_word' id='word_1_206' title='bbox 534 1936 751 1995; x_wconf 71' lang='lat' dir='ltr'><strong>Montaniumum</strong></span> <span class='ocrx_word' id='word_1_207' title='bbox 758 1939 826 2008; x_wconf 74' lang='lat' dir='ltr'><strong>jam</strong></span> <span class='ocrx_word' id='word_1_208' title='bbox 845 1933 1043 2004; x_wconf 75' lang='lat' dir='ltr'><strong>redolentibus,</strong></span> <span class='ocrx_word' id='word_1_209' title='bbox 1098 1930 1159 1990; x_wconf 90' lang='lat' dir='ltr'><strong>iliis</strong></span> <span class='ocrx_word' id='word_1_210' title='bbox 1176 1949 1182 1990; x_wconf 92' lang='lat'>:</span> <span class='ocrx_word' id='word_1_211' title='bbox 1198 1934 1365 2003; x_wconf 78' lang='lat' dir='ltr'><strong>Erubescite,</strong></span> <span class='ocrx_word' id='word_1_212' title='bbox 1389 1938 1519 2009; x_wconf 77' lang='lat' dir='ltr'><strong>Romani,</strong></span> <span class='ocrx_word' id='word_1_213' title='bbox 1543 1939 1741 1996; x_wconf 75' lang='lat' dir='ltr'><strong>commilitones</strong></span> <span class='ocrx_word' id='word_1_214' title='bbox 1758 1942 1828 2014; x_wconf 60' lang='lat' dir='ltr'><strong>ejus</strong></span> <span class='ocrx_word' id='word_1_215' title='bbox 1844 1944 1873 1998; x_wconf 92' lang='lat' dir='ltr'><strong>et</strong></span> <span class='ocrx_word' id='word_1_216' title='bbox 1887 1941 1924 1997; x_wconf 86' lang='lat' dir='ltr'><strong>ad</strong></span> 
     </span>
     <span class='ocr_line' id='line_1_19' title="bbox 216 2021 1926 2093; baseline -0.001 -6"><span class='ocrx_word' id='word_1_217' title='bbox 216 2029 348 2088; x_wconf 81' lang='lat' dir='ltr'><strong>decarne</strong></span> <span class='ocrx_word' id='word_1_218' title='bbox 372 2027 477 2085; x_wconf 76' lang='lat' dir='ltr'><strong>Christi</strong></span> <span class='ocrx_word' id='word_1_219' title='bbox 499 2028 630 2084; x_wconf 75' lang='lat' dir='ltr'><strong>adamus</strong></span> <span class='ocrx_word' id='word_1_220' title='bbox 644 2027 683 2082; x_wconf 82' lang='lat' dir='ltr'><strong>tv</strong></span> <span class='ocrx_word' id='word_1_221' title='bbox 698 2025 824 2093; x_wconf 77' lang='lat' dir='ltr'><strong>imrascs,</strong></span> <span class='ocrx_word' id='word_1_222' title='bbox 848 2023 880 2081; x_wconf 83' lang='lat' dir='ltr'><strong>de</strong></span> <span class='ocrx_word' id='word_1_223' title='bbox 899 2025 1044 2082; x_wconf 82' lang='lat' dir='ltr'><strong>Resurrec-</strong></span> <span class='ocrx_word' id='word_1_224' title='bbox 1099 2021 1276 2080; x_wconf 88' lang='lat' dir='ltr'><strong>Decennalia</strong></span> <span class='ocrx_word' id='word_1_225' title='bbox 1299 2023 1415 2081; x_wconf 85' lang='lat' dir='ltr'><strong>videtur</strong></span> <span class='ocrx_word' id='word_1_226' title='bbox 1438 2025 1625 2084; x_wconf 76' lang='lat' dir='ltr'><strong>referendam</strong></span> <span class='ocrx_word' id='word_1_227' title='bbox 1653 2028 1726 2084; x_wconf 90' lang='lat' dir='ltr'><strong>iilud</strong></span> <span class='ocrx_word' id='word_1_228' title='bbox 1753 2029 1821 2087; x_wconf 86' lang='lat' dir='ltr'><strong>libri</strong></span> <span class='ocrx_word' id='word_1_229' title='bbox 1848 2029 1926 2086; x_wconf 85' lang='lat' dir='ltr'><strong>tran·</strong></span> 
     </span>
     <span class='ocr_line' id='line_1_20' title="bbox 216 2110 1926 2188; baseline 0.001 -14"><span class='ocrx_word' id='word_1_230' title='bbox 216 2119 291 2174; x_wconf 89' lang='lat' dir='ltr'><strong>tione</strong></span> <span class='ocrx_word' id='word_1_231' title='bbox 317 2116 420 2188; x_wconf 84' lang='lat' dir='ltr'><strong>carnis,</strong></span> <span class='ocrx_word' id='word_1_232' title='bbox 448 2115 579 2173; x_wconf 81' lang='lat' dir='ltr'><strong>aduersus</strong></span> <span class='ocrx_word' id='word_1_233' title='bbox 606 2116 773 2172; x_wconf 81' lang='lat' dir='ltr'><strong>Marcionem</strong></span> <span class='ocrx_word' id='word_1_234' title='bbox 800 2113 845 2184; x_wconf 91' lang='lat' dir='ltr'><strong>V,</strong></span> <span class='ocrx_word' id='word_1_235' title='bbox 878 2111 911 2169; x_wconf 82' lang='lat' dir='ltr'><strong>ds</strong></span> <span class='ocrx_word' id='word_1_236' title='bbox 939 2111 1045 2169; x_wconf 87' lang='lat' dir='ltr'><strong>Corona</strong></span> <span class='ocrx_word' id='word_1_237' title='bbox 1098 2110 1250 2182; x_wconf 89' lang='lat' dir='ltr'><strong>tipissium</strong></span> <span class='ocrx_word' id='word_1_238' title='bbox 1266 2127 1274 2173; x_wconf 90' lang='lat'><strong>:</strong></span> <span class='ocrx_word' id='word_1_239' title='bbox 1290 2115 1561 2188; x_wconf 71' lang='lat' dir='ltr'><strong>Proximetoctasst</strong></span> <span class='ocrx_word' id='word_1_240' title='bbox 1586 2117 1764 2176; x_wconf 79' lang='lat' dir='ltr'><strong>Lrnsamrms</strong></span> <span class='ocrx_word' id='word_1_241' title='bbox 1782 2124 1926 2178; x_wconf 72' lang='lat' dir='ltr'><strong>Prusian·</strong></span> 
     </span>
     <span class='ocr_line' id='line_1_21' title="bbox 217 2201 1926 2280; baseline 0.001 -17"><span class='ocrx_word' id='word_1_242' title='bbox 217 2206 324 2272; x_wconf 77' lang='lat' dir='ltr'><strong>Militis,</strong></span> <span class='ocrx_word' id='word_1_243' title='bbox 351 2207 529 2278; x_wconf 81' lang='lat' dir='ltr'><strong>Scorpiaoum</strong></span> <span class='ocrx_word' id='word_1_244' title='bbox 562 2205 693 2262; x_wconf 83' lang='lat' dir='ltr'><strong>aduersus</strong></span> <span class='ocrx_word' id='word_1_245' title='bbox 730 2203 878 2273; x_wconf 85' lang='lat' dir='ltr'><strong>Gnostioos,</strong></span> <span class='ocrx_word' id='word_1_246' title='bbox 911 2202 1045 2258; x_wconf 83' lang='lat' dir='ltr'><strong>aduersus</strong></span> <span class='ocrx_word' id='word_1_247' title='bbox 1099 2201 1269 2258; x_wconf 81' lang='lat' dir='ltr'><strong>tissimorum</strong></span> <span class='ocrx_word' id='word_1_248' title='bbox 1296 2202 1517 2274; x_wconf 78' lang='lat' dir='ltr'><strong>lurnnrronuu3</strong></span> <span class='ocrx_word' id='word_1_249' title='bbox 1533 2205 1579 2260; x_wconf 89' lang='lat' dir='ltr'><strong>cui</strong></span> <span class='ocrx_word' id='word_1_250' title='bbox 1604 2206 1789 2276; x_wconf 85' lang='lat' dir='ltr'><strong>subjicienda</strong></span> <span class='ocrx_word' id='word_1_251' title='bbox 1810 2206 1926 2280; x_wconf 79' lang='lat' dir='ltr'><strong>putavi-</strong></span> 
     </span>
     <span class='ocr_line' id='line_1_22' title="bbox 216 2289 1926 2369; baseline 0.001 -17"><span class='ocrx_word' id='word_1_252' title='bbox 216 2296 365 2352; x_wconf 83' lang='lat' dir='ltr'><strong>Praasam.</strong></span> <span class='ocrx_word' id='word_1_253' title='bbox 390 2323 425 2336; x_wconf 90' lang='lat'>-</span> <span class='ocrx_word' id='word_1_254' title='bbox 445 2295 490 2350; x_wconf 85' lang='grc'><strong>26.</strong></span> <span class='ocrx_word' id='word_1_255' title='bbox 517 2294 547 2350; x_wconf 88' lang='lat' dir='ltr'><strong>S.</strong></span> <span class='ocrx_word' id='word_1_256' title='bbox 572 2291 720 2364; x_wconf 88' lang='lat' dir='ltr'><strong>Zephirini</strong></span> <span class='ocrx_word' id='word_1_257' title='bbox 746 2290 871 2348; x_wconf 84' lang='lat' dir='ltr'><strong>Romani</strong></span> <span class='ocrx_word' id='word_1_258' title='bbox 894 2289 1045 2348; x_wconf 74' lang='lat' dir='ltr'><strong>pontificis</strong></span> <span class='ocrx_word' id='word_1_259' title='bbox 1100 2305 1246 2364; x_wconf 77' lang='lat' dir='ltr'><strong>musque</strong></span> <span class='ocrx_word' id='word_1_260' title='bbox 1270 2296 1445 2363; x_wconf 86' lang='lat' dir='ltr'><strong>sequuntur,</strong></span> <span class='ocrx_word' id='word_1_261' title='bbox 1461 2307 1494 2350; x_wconf 93' lang='lat' dir='ltr'><strong>so</strong></span> <span class='ocrx_word' id='word_1_262' title='bbox 1519 2295 1597 2367; x_wconf 92' lang='lat' dir='ltr'><strong>quod</strong></span> <span class='ocrx_word' id='word_1_263' title='bbox 1612 2295 1797 2353; x_wconf 85' lang='lat' dir='ltr'><strong>occasionem</strong></span> <span class='ocrx_word' id='word_1_264' title='bbox 1821 2295 1926 2369; x_wconf 84' lang='lat' dir='ltr'><strong>scripti</strong></span> 
     </span>
     <span class='ocr_line' id='line_1_23' title="bbox 216 2377 1925 2459; baseline 0.001 -19"><span class='ocrx_word' id='word_1_265' title='bbox 216 2401 255 2453; x_wconf 81' lang='lat' dir='ltr'><strong>iv,</strong></span> <span class='ocrx_word' id='word_1_266' title='bbox 271 2382 368 2441; x_wconf 80' lang='lat' dir='ltr'><strong>Severi</strong></span> <span class='ocrx_word' id='word_1_267' title='bbox 383 2383 457 2456; x_wconf 93' lang='lat' dir='ltr'><strong>Imp.</strong></span> <span class='ocrx_word' id='word_1_268' title='bbox 469 2398 518 2453; x_wconf 89' lang='lat' dir='ltr'><strong>xv,</strong></span> <span class='ocrx_word' id='word_1_269' title='bbox 532 2399 565 2438; x_wconf 88' lang='grc' dir='ltr'><strong>ιι.</strong></span> <span class='ocrx_word' id='word_1_270' title='bbox 582 2397 682 2438; x_wconf 75' lang='lat' dir='ltr'><strong>renuo</strong></span> <span class='ocrx_word' id='word_1_271' title='bbox 701 2396 735 2436; x_wconf 89' lang='grc' dir='ltr'><strong>ιι.</strong></span> <span class='ocrx_word' id='word_1_272' title='bbox 750 2397 778 2435; x_wconf 83' lang='lat' dir='ltr'><strong>r.</strong></span> <span class='ocrx_word' id='word_1_273' title='bbox 789 2396 823 2436; x_wconf 84' lang='lat' dir='ltr'><strong>ra.</strong></span> <span class='ocrx_word' id='word_1_274' title='bbox 839 2397 868 2435; x_wconf 87' lang='grc' dir='ltr'><strong>ιι.</strong></span> <span class='ocrx_word' id='word_1_275' title='bbox 880 2396 952 2436; x_wconf 76' lang='lat' dir='ltr'><strong>arno</strong></span> <span class='ocrx_word' id='word_1_276' title='bbox 968 2395 1002 2435; x_wconf 84' lang='lat' dir='ltr'><strong>nn</strong></span> <span class='ocrx_word' id='word_1_277' title='bbox 1016 2396 1043 2443; x_wconf 90' lang='lat' dir='ltr'><strong>o.</strong></span> <span class='ocrx_word' id='word_1_278' title='bbox 1099 2377 1189 2450; x_wconf 88' lang='lat' dir='ltr'><strong>hujus</strong></span> <span class='ocrx_word' id='word_1_279' title='bbox 1211 2378 1279 2436; x_wconf 90' lang='lat' dir='ltr'><strong>libri</strong></span> <span class='ocrx_word' id='word_1_280' title='bbox 1305 2380 1447 2448; x_wconf 88' lang='lat' dir='ltr'><strong>indicent,</strong></span> <span class='ocrx_word' id='word_1_281' title='bbox 1465 2386 1566 2454; x_wconf 85' lang='lat' dir='ltr'><strong>utpote</strong></span> <span class='ocrx_word' id='word_1_282' title='bbox 1590 2383 1620 2439; x_wconf 92' lang='lat' dir='ltr'><strong>in</strong></span> <span class='ocrx_word' id='word_1_283' title='bbox 1646 2400 1715 2457; x_wconf 91' lang='lat' dir='ltr'><strong>quo,</strong></span> <span class='ocrx_word' id='word_1_284' title='bbox 1730 2390 1925 2459; x_wconf 80' lang='lat' dir='ltr'><strong>contraquam</strong></span> 
     </span>
     <span class='ocr_line' id='line_1_24' title="bbox 214 2465 1927 2542; baseline -0.001 -12"><span class='ocrx_word' id='word_1_285' title='bbox 214 2489 297 2530; x_wconf 78' lang='lat' dir='ltr'><strong>sauro</strong></span> <span class='ocrx_word' id='word_1_286' title='bbox 310 2489 393 2529; x_wconf 75' lang='lat' dir='ltr'><strong>rasso</strong></span> <span class='ocrx_word' id='word_1_287' title='bbox 407 2487 566 2528; x_wconf 71' lang='lat' dir='ltr'><strong>mantnano</strong></span> <span class='ocrx_word' id='word_1_288' title='bbox 580 2485 694 2528; x_wconf 77' lang='grc' dir='ltr'><strong><em>ιιιιιιιο</em></strong></span> <span class='ocrx_word' id='word_1_289' title='bbox 710 2485 789 2526; x_wconf 88' lang='lat' dir='ltr'><strong>coss.</strong></span> <span class='ocrx_word' id='word_1_290' title='bbox 802 2468 944 2542; x_wconf 84' lang='lat' dir='ltr'><strong>scripturn</strong></span> <span class='ocrx_word' id='word_1_291' title='bbox 954 2467 1045 2526; x_wconf 82' lang='lat' dir='ltr'><strong>tuisse</strong></span> <span class='ocrx_word' id='word_1_292' title='bbox 1099 2465 1149 2524; x_wconf 87' lang='lat' dir='ltr'><strong>alii</strong></span> <span class='ocrx_word' id='word_1_293' title='bbox 1164 2467 1372 2537; x_wconf 83' lang='lat' dir='ltr'><strong>mussitabant,</strong></span> <span class='ocrx_word' id='word_1_294' title='bbox 1388 2469 1565 2527; x_wconf 81' lang='lat' dir='ltr'><strong>Christianis</strong></span> <span class='ocrx_word' id='word_1_295' title='bbox 1587 2487 1699 2530; x_wconf 82' lang='lat' dir='ltr'><strong>corona</strong></span> <span class='ocrx_word' id='word_1_296' title='bbox 1722 2490 1810 2531; x_wconf 90' lang='lat' dir='ltr'><strong>usum</strong></span> <span class='ocrx_word' id='word_1_297' title='bbox 1834 2475 1927 2531; x_wconf 87' lang='lat' dir='ltr'><strong>iuter·</strong></span> 
     </span>
     <span class='ocr_line' id='line_1_25' title="bbox 214 2555 1927 2635; baseline -0.001 -16"><span class='ocrx_word' id='word_1_298' title='bbox 214 2562 436 2619; x_wconf 74' lang='lat' dir='ltr'><strong>sicarumuno</strong></span> <span class='ocrx_word' id='word_1_299' title='bbox 451 2558 559 2617; x_wconf 89' lang='lat' dir='ltr'><strong>librum</strong></span> <span class='ocrx_word' id='word_1_300' title='bbox 576 2558 707 2632; x_wconf 89' lang='lat' dir='ltr'><strong>primum</strong></span> <span class='ocrx_word' id='word_1_301' title='bbox 719 2557 859 2614; x_wconf 87' lang='lat' dir='ltr'><strong>adversus</strong></span> <span class='ocrx_word' id='word_1_302' title='bbox 867 2556 1044 2613; x_wconf 86' lang='lat' dir='ltr'><strong>Marcionem</strong></span> <span class='ocrx_word' id='word_1_303' title='bbox 1098 2555 1210 2612; x_wconf 92' lang='lat' dir='ltr'><strong>dictum</strong></span> <span class='ocrx_word' id='word_1_304' title='bbox 1236 2557 1364 2614; x_wconf 82' lang='lat' dir='ltr'><strong>deducit.</strong></span> <span class='ocrx_word' id='word_1_305' title='bbox 1381 2557 1627 2632; x_wconf 64' lang='lat' dir='ltr'><strong>insumebantur,</strong></span> <span class='ocrx_word' id='word_1_306' title='bbox 1651 2561 1759 2635; x_wconf 92' lang='lat' dir='ltr'><strong>inquit,</strong></span> <span class='ocrx_word' id='word_1_307' title='bbox 1773 2565 1805 2619; x_wconf 91' lang='lat' dir='ltr'><strong>in</strong></span> <span class='ocrx_word' id='word_1_308' title='bbox 1826 2567 1927 2620; x_wconf 77' lang='lat' dir='ltr'><strong>oasim</strong></span> 
     </span>
     <span class='ocr_line' id='line_1_26' title="bbox 212 2642 1928 2730; baseline 0 -22"><span class='ocrx_word' id='word_1_309' title='bbox 212 2666 249 2708; x_wconf 84' lang='lat' dir='ltr'><strong>ex</strong></span> <span class='ocrx_word' id='word_1_310' title='bbox 276 2649 358 2708; x_wconf 84' lang='lat' dir='ltr'><strong>hisce</strong></span> <span class='ocrx_word' id='word_1_311' title='bbox 386 2648 484 2707; x_wconf 86' lang='lat' dir='ltr'><strong>verbis</strong></span> <span class='ocrx_word' id='word_1_312' title='bbox 510 2651 625 2706; x_wconf 90' lang='lat' dir='ltr'><strong>constat</strong></span> <span class='ocrx_word' id='word_1_313' title='bbox 650 2664 656 2704; x_wconf 93' lang='lat'><strong>:</strong></span> <span class='ocrx_word' id='word_1_314' title='bbox 685 2648 720 2704; x_wconf 83' lang='lat' dir='ltr'><strong>At</strong></span> <span class='ocrx_word' id='word_1_315' title='bbox 747 2663 823 2702; x_wconf 84' lang='lat' dir='ltr'><strong>nuno</strong></span> <span class='ocrx_word' id='word_1_316' title='bbox 840 2646 923 2719; x_wconf 85' lang='lat' dir='ltr'><strong>quote</strong></span> <span class='ocrx_word' id='word_1_317' title='bbox 949 2650 989 2701; x_wconf 84' lang='lat' dir='ltr'><strong>est</strong></span> <span class='ocrx_word' id='word_1_318' title='bbox 1013 2654 1045 2703; x_wconf 87' lang='lat' dir='ltr'><strong>ut</strong></span> <span class='ocrx_word' id='word_1_319' title='bbox 1097 2643 1200 2701; x_wconf 81' lang='lat' dir='ltr'><strong>milites</strong></span> <span class='ocrx_word' id='word_1_320' title='bbox 1224 2642 1359 2702; x_wconf 81' lang='lat' dir='ltr'><strong>laureati.</strong></span> <span class='ocrx_word' id='word_1_321' title='bbox 1377 2646 1534 2706; x_wconf 71' lang='lat' dir='ltr'><strong>Adhibetur</strong></span> <span class='ocrx_word' id='word_1_322' title='bbox 1555 2649 1669 2730; x_wconf 79' lang='lat' dir='ltr'><strong>quidam</strong></span> <span class='ocrx_word' id='word_1_323' title='bbox 1690 2651 1855 2724; x_wconf 77' lang='lat' dir='ltr'><strong>ittiomupis</strong></span> <span class='ocrx_word' id='word_1_324' title='bbox 1876 2653 1928 2708; x_wconf 79' lang='lat' dir='ltr'><strong>bei</strong></span> 
     </span>
     <span class='ocr_line' id='line_1_27' title="bbox 211 2733 1926 2810; baseline 0.001 -14"><span class='ocrx_word' id='word_1_325' title='bbox 211 2739 378 2797; x_wconf 80' lang='lat' dir='ltr'><strong>Dominusa</strong></span> <span class='ocrx_word' id='word_1_326' title='bbox 400 2755 440 2794; x_wconf 89' lang='grc' dir='ltr'><strong><em>ιιιι</em></strong></span> <span class='ocrx_word' id='word_1_327' title='bbox 464 2737 570 2794; x_wconf 85' lang='lat' dir='ltr'><strong>Tiberii</strong></span> <span class='ocrx_word' id='word_1_328' title='bbox 593 2735 710 2794; x_wconf 76' lang='lat' dir='ltr'><strong>casare</strong></span> <span class='ocrx_word' id='word_1_329' title='bbox 732 2735 869 2792; x_wconf 82' lang='lat' dir='ltr'><strong>revelatus</strong></span> <span class='ocrx_word' id='word_1_330' title='bbox 891 2737 937 2808; x_wconf 85' lang='lat' dir='ltr'><strong>sit,</strong></span> <span class='ocrx_word' id='word_1_331' title='bbox 961 2735 1044 2793; x_wconf 78' lang='lat' dir='ltr'><strong>subs·</strong></span> <span class='ocrx_word' id='word_1_332' title='bbox 1097 2733 1206 2797; x_wconf 69' lang='lat' dir='ltr'><strong>mimir</strong></span> <span class='ocrx_word' id='word_1_333' title='bbox 1233 2735 1308 2791; x_wconf 82' lang='lat' dir='ltr'><strong>sotus</strong></span> <span class='ocrx_word' id='word_1_334' title='bbox 1328 2736 1415 2793; x_wconf 82' lang='lat' dir='ltr'><strong>bibero</strong></span> <span class='ocrx_word' id='word_1_335' title='bbox 1443 2739 1543 2810; x_wconf 83' lang='lat' dir='ltr'><strong>capite,</strong></span> <span class='ocrx_word' id='word_1_336' title='bbox 1569 2743 1812 2797; x_wconf 81' lang='lat' dir='ltr'><strong>coronamentum</strong></span> <span class='ocrx_word' id='word_1_337' title='bbox 1838 2757 1926 2797; x_wconf 82' lang='grc' dir='ltr'><strong><em>ιιιιιιιιι</em></strong></span> 
     </span>
     <span class='ocr_line' id='line_1_28' title="bbox 213 2822 1924 2901; baseline -0.001 -15"><span class='ocrx_word' id='word_1_338' title='bbox 213 2830 305 2886; x_wconf 83' lang='lat' dir='ltr'><strong>tantia</strong></span> <span class='ocrx_word' id='word_1_339' title='bbox 326 2843 389 2885; x_wconf 82' lang='lat' dir='ltr'><strong>uero</strong></span> <span class='ocrx_word' id='word_1_340' title='bbox 417 2826 453 2884; x_wconf 83' lang='lat' dir='ltr'><strong>ad</strong></span> <span class='ocrx_word' id='word_1_341' title='bbox 479 2844 516 2885; x_wconf 86' lang='lat' dir='ltr'><strong>xv</strong></span> <span class='ocrx_word' id='word_1_342' title='bbox 532 2827 594 2901; x_wconf 83' lang='lat' dir='ltr'><strong>jam</strong></span> <span class='ocrx_word' id='word_1_343' title='bbox 617 2825 710 2884; x_wconf 82' lang='lat' dir='ltr'><strong>Seueri</strong></span> <span class='ocrx_word' id='word_1_344' title='bbox 733 2825 911 2898; x_wconf 82' lang='lat' dir='ltr'><strong>imperatoris</strong></span> <span class='ocrx_word' id='word_1_345' title='bbox 937 2841 1045 2881; x_wconf 86' lang='lat' dir='ltr'><strong>annum</strong></span> <span class='ocrx_word' id='word_1_346' title='bbox 1098 2823 1194 2879; x_wconf 76' lang='lat' dir='ltr'><strong>otioso.</strong></span> <span class='ocrx_word' id='word_1_347' title='bbox 1219 2822 1333 2894; x_wconf 82' lang='lat' dir='ltr'><strong>Sinpuii</strong></span> <span class='ocrx_word' id='word_1_348' title='bbox 1352 2823 1510 2897; x_wconf 62' lang='lat' dir='ltr'><strong>,desiccare</strong></span> <span class='ocrx_word' id='word_1_349' title='bbox 1534 2827 1645 2884; x_wconf 80' lang='lat' dir='ltr'><strong>studere</strong></span> <span class='ocrx_word' id='word_1_350' title='bbox 1672 2829 1791 2897; x_wconf 83' lang='lat' dir='ltr'><strong>eminus,</strong></span> <span class='ocrx_word' id='word_1_351' title='bbox 1814 2830 1924 2899; x_wconf 71' lang='lat' dir='ltr'><strong>intren-</strong></span> 
     </span>
     <span class='ocr_line' id='line_1_29' title="bbox 214 2913 1925 2991; baseline 0 -17"><span class='ocrx_word' id='word_1_352' title='bbox 214 2919 294 2974; x_wconf 88' lang='lat' dir='ltr'><strong>nutla</strong></span> <span class='ocrx_word' id='word_1_353' title='bbox 320 2921 462 2990; x_wconf 84' lang='lat' dir='ltr'><strong>comperta</strong></span> <span class='ocrx_word' id='word_1_354' title='bbox 485 2915 599 2989; x_wconf 64' lang='lat' dir='ltr'><strong>sitta.</strong></span> <span class='ocrx_word' id='word_1_355' title='bbox 622 2914 656 2971; x_wconf 79' lang='lat' dir='ltr'><strong>de</strong></span> <span class='ocrx_word' id='word_1_356' title='bbox 679 2919 776 2971; x_wconf 78' lang='lat' dir='ltr'><strong>iterur.</strong></span> <span class='ocrx_word' id='word_1_357' title='bbox 801 2930 858 2971; x_wconf 83' lang='lat' dir='ltr'><strong>car.</strong></span> <span class='ocrx_word' id='word_1_358' title='bbox 883 2929 908 2972; x_wconf 90' lang='lat' dir='ltr'><strong>o.</strong></span> <span class='ocrx_word' id='word_1_359' title='bbox 929 2914 959 2983; x_wconf 84' lang='lat'><strong>2,</strong></span> <span class='ocrx_word' id='word_1_360' title='bbox 982 2930 1042 2986; x_wconf 81' lang='lat' dir='ltr'><strong>cop.</strong></span> <span class='ocrx_word' id='word_1_361' title='bbox 1097 2913 1164 2969; x_wconf 82' lang='lat' dir='ltr'><strong>ders</strong></span> <span class='ocrx_word' id='word_1_362' title='bbox 1186 2914 1322 2969; x_wconf 83' lang='lat' dir='ltr'><strong>cominus.</strong></span> <span class='ocrx_word' id='word_1_363' title='bbox 1339 2915 1464 2970; x_wconf 85' lang='lat' dir='ltr'><strong>Murmur</strong></span> <span class='ocrx_word' id='word_1_364' title='bbox 1485 2915 1599 2973; x_wconf 84' lang='lat' dir='ltr'><strong>tribuno</strong></span> <span class='ocrx_word' id='word_1_365' title='bbox 1612 2917 1744 2989; x_wconf 76' lang='lat' dir='ltr'><strong>defertur,</strong></span> <span class='ocrx_word' id='word_1_366' title='bbox 1759 2925 1785 2974; x_wconf 81' lang='lat' dir='ltr'><strong>et</strong></span> <span class='ocrx_word' id='word_1_367' title='bbox 1806 2933 1925 2991; x_wconf 79' lang='lat' dir='ltr'><strong>persona</strong></span> 
     </span>
     <span class='ocr_line' id='line_1_30' title="bbox 213 3002 1925 3081; baseline -0.001 -17"><span class='ocrx_word' id='word_1_368' title='bbox 213 3007 257 3081; x_wconf 79' lang='lat'><strong>45,</strong></span> <span class='ocrx_word' id='word_1_369' title='bbox 274 3007 295 3064; x_wconf 85' lang='lat' dir='ltr'><strong>t.</strong></span> <span class='ocrx_word' id='word_1_370' title='bbox 311 3007 414 3064; x_wconf 80' lang='lat' dir='ltr'><strong>coda</strong></span> <span class='ocrx_word' id='word_1_371' title='bbox 441 3005 509 3062; x_wconf 90' lang='lat' dir='ltr'><strong>Mar.</strong></span> <span class='ocrx_word' id='word_1_372' title='bbox 526 3006 552 3060; x_wconf 86' lang='lat'><strong>1.</strong></span> <span class='ocrx_word' id='word_1_373' title='bbox 574 3006 618 3060; x_wconf 78' lang='lat'><strong>15.</strong></span> <span class='ocrx_word' id='word_1_374' title='bbox 635 3004 678 3061; x_wconf 73' lang='lat' dir='ltr'><strong>Mo.</strong></span> <span class='ocrx_word' id='word_1_375' title='bbox 704 3005 732 3060; x_wconf 87' lang='lat'><strong>3.</strong></span> <span class='ocrx_word' id='word_1_376' title='bbox 748 3004 797 3059; x_wconf 89' lang='lat' dir='ltr'><strong>tib.</strong></span> <span class='ocrx_word' id='word_1_377' title='bbox 823 3004 856 3059; x_wconf 87' lang='lat' dir='ltr'><strong>de</strong></span> <span class='ocrx_word' id='word_1_378' title='bbox 879 3020 936 3060; x_wconf 89' lang='lat' dir='ltr'><strong>cor.</strong></span> <span class='ocrx_word' id='word_1_379' title='bbox 961 3002 1042 3059; x_wconf 83' lang='lat' dir='ltr'><strong>Ciri-</strong></span> <span class='ocrx_word' id='word_1_380' title='bbox 1092 3002 1153 3073; x_wconf 80' lang='lat' dir='ltr'><strong>iam</strong></span> <span class='ocrx_word' id='word_1_381' title='bbox 1179 3017 1215 3058; x_wconf 78' lang='lat' dir='ltr'><strong>aa</strong></span> <span class='ocrx_word' id='word_1_382' title='bbox 1242 3003 1339 3059; x_wconf 83' lang='lat' dir='ltr'><strong>ordine</strong></span> <span class='ocrx_word' id='word_1_383' title='bbox 1367 3012 1526 3062; x_wconf 79' lang='lat' dir='ltr'><strong>emerserat.</strong></span> <span class='ocrx_word' id='word_1_384' title='bbox 1558 3004 1657 3062; x_wconf 81' lang='lat' dir='ltr'><strong>Statim</strong></span> <span class='ocrx_word' id='word_1_385' title='bbox 1685 3007 1844 3064; x_wconf 81' lang='lat' dir='ltr'><strong>tribunus:</strong></span> <span class='ocrx_word' id='word_1_386' title='bbox 1866 3005 1925 3062; x_wconf 88' lang='lat' dir='ltr'><strong>Cur</strong></span> 
     </span>
     <span class='ocr_line' id='line_1_31' title="bbox 214 3090 1942 3170; baseline -0.002 -16"><span class='ocrx_word' id='word_1_387' title='bbox 214 3099 262 3169; x_wconf 83' lang='lat' dir='ltr'><strong>sti,</strong></span> <span class='ocrx_word' id='word_1_388' title='bbox 277 3112 303 3154; x_wconf 91' lang='lat' dir='ltr'><strong>c.</strong></span> <span class='ocrx_word' id='word_1_389' title='bbox 317 3097 358 3170; x_wconf 83' lang='lat'><strong>7.)</strong></span> <span class='ocrx_word' id='word_1_390' title='bbox 382 3099 477 3169; x_wconf 85' lang='lat' dir='ltr'><strong>Atque</strong></span> <span class='ocrx_word' id='word_1_391' title='bbox 499 3095 571 3152; x_wconf 87' lang='lat' dir='ltr'><strong>adeo</strong></span> <span class='ocrx_word' id='word_1_392' title='bbox 596 3093 651 3150; x_wconf 90' lang='lat' dir='ltr'><strong>hoc</strong></span> <span class='ocrx_word' id='word_1_393' title='bbox 677 3097 809 3166; x_wconf 90' lang='lat' dir='ltr'><strong>tempore</strong></span> <span class='ocrx_word' id='word_1_394' title='bbox 833 3091 923 3149; x_wconf 89' lang='lat' dir='ltr'><strong>simut</strong></span> <span class='ocrx_word' id='word_1_395' title='bbox 947 3091 1042 3150; x_wconf 90' lang='lat' dir='ltr'><strong>editos</strong></span> <span class='ocrx_word' id='word_1_396' title='bbox 1098 3090 1289 3162; x_wconf 78' lang='lat' dir='ltr'><strong>[inquit1tom</strong></span> <span class='ocrx_word' id='word_1_397' title='bbox 1310 3091 1434 3149; x_wconf 81' lang='lat' dir='ltr'><strong>diuersus</strong></span> <span class='ocrx_word' id='word_1_398' title='bbox 1457 3093 1578 3151; x_wconf 80' lang='lat' dir='ltr'><strong>babitu?</strong></span> <span class='ocrx_word' id='word_1_399' title='bbox 1592 3093 1706 3166; x_wconf 81' lang='lat' dir='ltr'><strong>Mcpauit</strong></span> <span class='ocrx_word' id='word_1_400' title='bbox 1721 3095 1769 3152; x_wconf 84' lang='lat' dir='ltr'><strong>iiic</strong></span> <span class='ocrx_word' id='word_1_401' title='bbox 1792 3111 1855 3152; x_wconf 82' lang='lat' dir='ltr'><strong>oum</strong></span> <span class='ocrx_word' id='word_1_402' title='bbox 1869 3111 1942 3168; x_wconf 51' lang='lat' dir='ltr'><strong>crs·¹</strong></span> 
     </span>
     <span class='ocr_line' id='line_1_32' title="bbox 215 3179 1924 3278; baseline -0.002 -34"><span class='ocrx_word' id='word_1_403' title='bbox 215 3186 307 3244; x_wconf 84' lang='lat' dir='ltr'><strong>inisse</strong></span> <span class='ocrx_word' id='word_1_404' title='bbox 322 3189 437 3258; x_wconf 91' lang='lat' dir='ltr'><strong>oportet</strong></span> <span class='ocrx_word' id='word_1_405' title='bbox 464 3185 556 3241; x_wconf 90' lang='lat' dir='ltr'><strong>libros</strong></span> <span class='ocrx_word' id='word_1_406' title='bbox 577 3199 613 3239; x_wconf 88' lang='lat' dir='ltr'><strong>au</strong></span> <span class='ocrx_word' id='word_1_407' title='bbox 636 3182 734 3239; x_wconf 72' lang='lat' dir='ltr'><strong>Genus</strong></span> <span class='ocrx_word' id='word_1_408' title='bbox 753 3184 871 3239; x_wconf 84' lang='lat' dir='ltr'><strong>Cnmsrr</strong></span> <span class='ocrx_word' id='word_1_409' title='bbox 894 3186 1078 3278; x_wconf 70' lang='lat' dir='ltr'><strong>onsnsusc</strong></span> <span class='ocrx_word' id='word_1_410' title='bbox 1097 3181 1168 3235; x_wconf 82' lang='lat' dir='ltr'><strong>teris</strong></span> <span class='ocrx_word' id='word_1_411' title='bbox 1176 3179 1230 3236; x_wconf 85' lang='lat' dir='ltr'><strong>sibi</strong></span> <span class='ocrx_word' id='word_1_412' title='bbox 1240 3181 1438 3238; x_wconf 76' lang='lat' dir='ltr'><strong>licaretiausas</strong></span> <span class='ocrx_word' id='word_1_413' title='bbox 1448 3183 1651 3255; x_wconf 76' lang='lat' dir='ltr'><strong>expostulatus,</strong></span> <span class='ocrx_word' id='word_1_414' title='bbox 1663 3183 1835 3242; x_wconf 78' lang='lat' dir='ltr'><strong>Christianus</strong></span> <span class='ocrx_word' id='word_1_415' title='bbox 1849 3201 1924 3255; x_wconf 86' lang='lat' dir='ltr'><strong>sum,</strong></span> 
     </span>
     <span class='ocr_line' id='line_1_33' title="bbox 217 3268 1926 3346; baseline 0 -16"><span class='ocrx_word' id='word_1_416' title='bbox 217 3279 455 3344; x_wconf 72' lang='lat' dir='ltr'><strong>ruiturumque</strong></span> <span class='ocrx_word' id='word_1_417' title='bbox 469 3277 708 3330; x_wconf 82' lang='lat' dir='ltr'><strong>Reeunnucrrona</strong></span> <span class='ocrx_word' id='word_1_418' title='bbox 723 3274 837 3338; x_wconf 67' lang='lat' dir='ltr'><strong>mauis,</strong></span> <span class='ocrx_word' id='word_1_419' title='bbox 853 3288 886 3327; x_wconf 81' lang='lat' dir='ltr'><strong>ur</strong></span> <span class='ocrx_word' id='word_1_420' title='bbox 895 3286 1042 3328; x_wconf 76' lang='lat' dir='ltr'><strong>euvnnsus</strong></span> <span class='ocrx_word' id='word_1_421' title='bbox 1097 3268 1248 3340; x_wconf 79' lang='lat' dir='ltr'><strong>respondit.</strong></span> <span class='ocrx_word' id='word_1_422' title='bbox 1265 3269 1408 3341; x_wconf 70' lang='lat' dir='ltr'><strong>Suffropia</strong></span> <span class='ocrx_word' id='word_1_423' title='bbox 1422 3271 1533 3343; x_wconf 75' lang='lat' dir='ltr'><strong>exinde,</strong></span> <span class='ocrx_word' id='word_1_424' title='bbox 1547 3277 1574 3328; x_wconf 85' lang='lat' dir='ltr'><strong>ct</strong></span> <span class='ocrx_word' id='word_1_425' title='bbox 1588 3288 1631 3329; x_wconf 78' lang='lat' dir='ltr'><strong>res</strong></span> <span class='ocrx_word' id='word_1_426' title='bbox 1645 3274 1805 3346; x_wconf 80' lang='lat' dir='ltr'><strong>ampliante,</strong></span> <span class='ocrx_word' id='word_1_427' title='bbox 1817 3278 1845 3331; x_wconf 85' lang='lat' dir='ltr'><strong>st</strong></span> <span class='ocrx_word' id='word_1_428' title='bbox 1858 3289 1926 3330; x_wconf 82' lang='lat' dir='ltr'><strong>rsus</strong></span> 
     </span>
     <span class='ocr_line' id='line_1_34' title="bbox 216 3358 1927 3435; baseline -0.002 -13"><span class='ocrx_word' id='word_1_429' title='bbox 216 3363 385 3422; x_wconf 80' lang='lat' dir='ltr'><strong>bissenorum</strong></span> <span class='ocrx_word' id='word_1_430' title='bbox 409 3361 540 3435; x_wconf 86' lang='lat' dir='ltr'><strong>quinque</strong></span> <span class='ocrx_word' id='word_1_431' title='bbox 564 3360 634 3434; x_wconf 86' lang='lat' dir='ltr'><strong>(tib.</strong></span> <span class='ocrx_word' id='word_1_432' title='bbox 650 3361 682 3418; x_wconf 83' lang='lat' dir='ltr'><strong>de</strong></span> <span class='ocrx_word' id='word_1_433' title='bbox 705 3362 766 3417; x_wconf 82' lang='lat' dir='ltr'><strong>ties.</strong></span> <span class='ocrx_word' id='word_1_434' title='bbox 782 3377 839 3417; x_wconf 87' lang='lat' dir='ltr'><strong>car.</strong></span> <span class='ocrx_word' id='word_1_435' title='bbox 855 3375 879 3415; x_wconf 88' lang='lat' dir='ltr'><strong>c.</strong></span> <span class='ocrx_word' id='word_1_436' title='bbox 894 3361 922 3416; x_wconf 89' lang='lat'><strong>2.</strong></span> <span class='ocrx_word' id='word_1_437' title='bbox 949 3360 1043 3418; x_wconf 76' lang='lat' dir='ltr'><strong>tibi</strong></span> <span class='ocrx_word' id='word_1_438' title='bbox 1096 3359 1134 3414; x_wconf 84' lang='lat' dir='ltr'><strong>ad</strong></span> <span class='ocrx_word' id='word_1_439' title='bbox 1156 3358 1310 3429; x_wconf 63' lang='lat' dir='ltr'><strong>prefectos.</strong></span> <span class='ocrx_word' id='word_1_440' title='bbox 1326 3360 1429 3416; x_wconf 75' lang='lat' dir='ltr'><strong>ibidem</strong></span> <span class='ocrx_word' id='word_1_441' title='bbox 1450 3361 1567 3432; x_wconf 80' lang='lat' dir='ltr'><strong>pmutos</strong></span> <span class='ocrx_word' id='word_1_442' title='bbox 1589 3363 1691 3433; x_wconf 84' lang='lat' dir='ltr'><strong>posuit,</strong></span> <span class='ocrx_word' id='word_1_443' title='bbox 1712 3363 1927 3435; x_wconf 72' lang='lat' dir='ltr'><strong>enuntiatorium</strong></span> 
     </span>
     <span class='ocr_line' id='line_1_35' title="bbox 212 3445 1925 3522; baseline -0.001 -13"><span class='ocrx_word' id='word_1_444' title='bbox 212 3452 261 3510; x_wconf 85' lang='lat' dir='ltr'><strong>od.</strong></span> <span class='ocrx_word' id='word_1_445' title='bbox 286 3451 373 3510; x_wconf 83' lang='lat' dir='ltr'><strong>Marc.</strong></span> <span class='ocrx_word' id='word_1_446' title='bbox 387 3465 412 3506; x_wconf 85' lang='lat' dir='ltr'><strong>c.</strong></span> <span class='ocrx_word' id='word_1_447' title='bbox 435 3450 478 3522; x_wconf 87' lang='lat'><strong>10,</strong></span> <span class='ocrx_word' id='word_1_448' title='bbox 494 3467 523 3505; x_wconf 89' lang='lat' dir='ltr'><strong>n.</strong></span> <span class='ocrx_word' id='word_1_449' title='bbox 542 3449 602 3505; x_wconf 86' lang='lat'><strong>150.</strong></span> <span class='ocrx_word' id='word_1_450' title='bbox 621 3457 640 3506; x_wconf 84' lang='lat' dir='ltr'><strong>t.</strong></span> <span class='ocrx_word' id='word_1_451' title='bbox 664 3449 699 3505; x_wconf 83' lang='lat' dir='ltr'><strong>de</strong></span> <span class='ocrx_word' id='word_1_452' title='bbox 726 3447 786 3505; x_wconf 87' lang='lat' dir='ltr'><strong>Cor.</strong></span> <span class='ocrx_word' id='word_1_453' title='bbox 810 3447 899 3505; x_wconf 82' lang='lat' dir='ltr'><strong>milit.</strong></span> <span class='ocrx_word' id='word_1_454' title='bbox 924 3464 948 3504; x_wconf 88' lang='lat' dir='ltr'><strong>o.</strong></span> <span class='ocrx_word' id='word_1_455' title='bbox 965 3448 1040 3520; x_wconf 87' lang='lat' dir='ltr'><strong>uit.),</strong></span> <span class='ocrx_word' id='word_1_456' title='bbox 1096 3445 1130 3502; x_wconf 79' lang='lat' dir='ltr'><strong>de</strong></span> <span class='ocrx_word' id='word_1_457' title='bbox 1143 3445 1261 3514; x_wconf 77' lang='lat' dir='ltr'><strong>pedibus</strong></span> <span class='ocrx_word' id='word_1_458' title='bbox 1274 3448 1403 3516; x_wconf 84' lang='lat' dir='ltr'><strong>absoluit,</strong></span> <span class='ocrx_word' id='word_1_459' title='bbox 1419 3448 1544 3520; x_wconf 69' lang='lat' dir='ltr'><strong>stadium</strong></span> <span class='ocrx_word' id='word_1_460' title='bbox 1557 3449 1675 3506; x_wconf 80' lang='lat' dir='ltr'><strong>ruddidit</strong></span> <span class='ocrx_word' id='word_1_461' title='bbox 1689 3454 1770 3518; x_wconf 90' lang='lat' dir='ltr'><strong>(nam</strong></span> <span class='ocrx_word' id='word_1_462' title='bbox 1785 3449 1925 3508; x_wconf 80' lang='lat' dir='ltr'><strong>militaria</strong></span> 
     </span>
     <span class='ocr_line' id='line_1_36' title="bbox 212 3534 1927 3614; baseline -0.001 -16"><span class='ocrx_word' id='word_1_463' title='bbox 212 3544 312 3614; x_wconf 89' lang='lat' dir='ltr'><strong>utpote</strong></span> <span class='ocrx_word' id='word_1_464' title='bbox 335 3540 437 3597; x_wconf 88' lang='lat' dir='ltr'><strong>eodem</strong></span> <span class='ocrx_word' id='word_1_465' title='bbox 454 3539 581 3612; x_wconf 88' lang='lat' dir='ltr'><strong>scriptos</strong></span> <span class='ocrx_word' id='word_1_466' title='bbox 608 3541 749 3610; x_wconf 89' lang='lat' dir='ltr'><strong>tempore.</strong></span> <span class='ocrx_word' id='word_1_467' title='bbox 766 3537 840 3594; x_wconf 87' lang='lat' dir='ltr'><strong>Nam</strong></span> <span class='ocrx_word' id='word_1_468' title='bbox 861 3537 938 3594; x_wconf 89' lang='lat' dir='ltr'><strong>siout</strong></span> <span class='ocrx_word' id='word_1_469' title='bbox 952 3537 1041 3594; x_wconf 85' lang='lat' dir='ltr'><strong>etism</strong></span> <span class='ocrx_word' id='word_1_470' title='bbox 1096 3534 1337 3608; x_wconf 79' lang='lat' dir='ltr'><strong>omniaiasignia</strong></span> <span class='ocrx_word' id='word_1_471' title='bbox 1352 3536 1382 3592; x_wconf 92' lang='lat' dir='ltr'><strong>in</strong></span> <span class='ocrx_word' id='word_1_472' title='bbox 1397 3539 1634 3595; x_wconf 86' lang='lat' dir='ltr'><strong>exauctoratione</strong></span> <span class='ocrx_word' id='word_1_473' title='bbox 1648 3537 1777 3596; x_wconf 90' lang='lat' dir='ltr'><strong>militum</strong></span> <span class='ocrx_word' id='word_1_474' title='bbox 1792 3539 1859 3595; x_wconf 85' lang='lat' dir='ltr'><strong>sani</strong></span> <span class='ocrx_word' id='word_1_475' title='bbox 1874 3555 1927 3596; x_wconf 90' lang='lat' dir='ltr'><strong>so·</strong></span> 
     </span>
     <span class='ocr_line' id='line_1_37' title="bbox 211 3624 1927 3697; baseline -0.002 -11"><span class='ocrx_word' id='word_1_476' title='bbox 211 3629 283 3688; x_wconf 87' lang='lat' dir='ltr'><strong>alibi</strong></span> <span class='ocrx_word' id='word_1_477' title='bbox 304 3627 444 3696; x_wconf 86' lang='lat' dir='ltr'><strong>diximus,</strong></span> <span class='ocrx_word' id='word_1_478' title='bbox 462 3627 537 3684; x_wconf 88' lang='lat' dir='ltr'><strong>libro</strong></span> <span class='ocrx_word' id='word_1_479' title='bbox 559 3629 594 3683; x_wconf 90' lang='lat' dir='ltr'><strong>de</strong></span> <span class='ocrx_word' id='word_1_480' title='bbox 609 3630 701 3683; x_wconf 87' lang='lat' dir='ltr'><strong>Carne</strong></span> <span class='ocrx_word' id='word_1_481' title='bbox 713 3625 821 3683; x_wconf 80' lang='lat' dir='ltr'><strong>Christi</strong></span> <span class='ocrx_word' id='word_1_482' title='bbox 845 3627 953 3684; x_wconf 81' lang='lat' dir='ltr'><strong>citatur</strong></span> <span class='ocrx_word' id='word_1_483' title='bbox 968 3625 1043 3682; x_wconf 90' lang='lat' dir='ltr'><strong>libsr</strong></span> <span class='ocrx_word' id='word_1_484' title='bbox 1095 3624 1166 3692; x_wconf 88' lang='lat' dir='ltr'><strong>lero,</strong></span> <span class='ocrx_word' id='word_1_485' title='bbox 1184 3625 1229 3682; x_wconf 87' lang='lat' dir='ltr'><strong>vei</strong></span> <span class='ocrx_word' id='word_1_486' title='bbox 1244 3640 1279 3681; x_wconf 84' lang='lat' dir='ltr'><strong>ox</strong></span> <span class='ocrx_word' id='word_1_487' title='bbox 1293 3625 1458 3683; x_wconf 82' lang='lat' dir='ltr'><strong>Herodiano</strong></span> <span class='ocrx_word' id='word_1_488' title='bbox 1474 3624 1524 3682; x_wconf 88' lang='lat' dir='ltr'><strong>tib.</strong></span> <span class='ocrx_word' id='word_1_489' title='bbox 1541 3643 1573 3697; x_wconf 91' lang='grc' dir='ltr'><strong>ιι,</strong></span> <span class='ocrx_word' id='word_1_490' title='bbox 1588 3627 1779 3685; x_wconf 80' lang='lat' dir='ltr'><strong>manifestum</strong></span> <span class='ocrx_word' id='word_1_491' title='bbox 1795 3631 1853 3696; x_wconf 87' lang='lat' dir='ltr'><strong>est,</strong></span> <span class='ocrx_word' id='word_1_492' title='bbox 1868 3627 1927 3683; x_wconf 90' lang='lat' dir='ltr'><strong>iai·</strong></span> 
     </span>
     <span class='ocr_line' id='line_1_38' title="bbox 213 3713 1928 3792; baseline -0.001 -16"><span class='ocrx_word' id='word_1_493' title='bbox 213 3721 337 3792; x_wconf 88' lang='lat' dir='ltr'><strong>quartus</strong></span> <span class='ocrx_word' id='word_1_494' title='bbox 352 3717 493 3774; x_wconf 79' lang='lat' dir='ltr'><strong>aduersus</strong></span> <span class='ocrx_word' id='word_1_495' title='bbox 508 3715 696 3784; x_wconf 73' lang='lat' dir='ltr'><strong>Marcionem,</strong></span> <span class='ocrx_word' id='word_1_496' title='bbox 720 3714 797 3772; x_wconf 89' lang='lat' dir='ltr'><strong>libro</strong></span> <span class='ocrx_word' id='word_1_497' title='bbox 822 3716 858 3772; x_wconf 89' lang='lat' dir='ltr'><strong>dc</strong></span> <span class='ocrx_word' id='word_1_498' title='bbox 882 3715 1039 3773; x_wconf 86' lang='lat' dir='ltr'><strong>Resurrec·</strong></span> <span class='ocrx_word' id='word_1_499' title='bbox 1095 3715 1136 3770; x_wconf 91' lang='lat' dir='ltr'><strong>tio</strong></span> <span class='ocrx_word' id='word_1_500' title='bbox 1151 3713 1270 3787; x_wconf 89' lang='lat' dir='ltr'><strong>imperii</strong></span> <span class='ocrx_word' id='word_1_501' title='bbox 1285 3714 1405 3786; x_wconf 82' lang='lat' dir='ltr'><strong>Severi).</strong></span> <span class='ocrx_word' id='word_1_502' title='bbox 1422 3717 1460 3772; x_wconf 82' lang='lat' dir='ltr'><strong>ut</strong></span> <span class='ocrx_word' id='word_1_503' title='bbox 1483 3732 1557 3772; x_wconf 86' lang='lat' dir='ltr'><strong>nuno</strong></span> <span class='ocrx_word' id='word_1_504' title='bbox 1570 3723 1696 3772; x_wconf 80' lang='lat' dir='ltr'><strong>russatus</strong></span> <span class='ocrx_word' id='word_1_505' title='bbox 1715 3718 1861 3788; x_wconf 70' lang='lat' dir='ltr'><strong>romesinis</strong></span> <span class='ocrx_word' id='word_1_506' title='bbox 1878 3719 1928 3774; x_wconf 84' lang='lat' dir='ltr'><strong>sui</strong></span> 
     </span>
     <span class='ocr_line' id='line_1_39' title="bbox 210 3804 1927 3878; baseline -0.002 -12"><span class='ocrx_word' id='word_1_507' title='bbox 210 3808 289 3866; x_wconf 83' lang='lat' dir='ltr'><strong>tione</strong></span> <span class='ocrx_word' id='word_1_508' title='bbox 310 3806 408 3865; x_wconf 91' lang='lat' dir='ltr'><strong>carnis</strong></span> <span class='ocrx_word' id='word_1_509' title='bbox 422 3824 444 3863; x_wconf 91' lang='lat'><strong>11</strong></span> <span class='ocrx_word' id='word_1_510' title='bbox 459 3809 488 3863; x_wconf 90' lang='lat' dir='ltr'><strong>et</strong></span> <span class='ocrx_word' id='word_1_511' title='bbox 502 3823 535 3863; x_wconf 87' lang='lat'><strong>111</strong></span> <span class='ocrx_word' id='word_1_512' title='bbox 550 3806 615 3862; x_wconf 87' lang='lat' dir='ltr'><strong>adv.</strong></span> <span class='ocrx_word' id='word_1_513' title='bbox 640 3805 731 3861; x_wconf 86' lang='lat' dir='ltr'><strong>Mars.</strong></span> <span class='ocrx_word' id='word_1_514' title='bbox 748 3809 777 3862; x_wconf 88' lang='lat' dir='ltr'><strong>st</strong></span> <span class='ocrx_word' id='word_1_515' title='bbox 792 3805 812 3862; x_wconf 89' lang='lat' dir='ltr'><strong>i.</strong></span> <span class='ocrx_word' id='word_1_516' title='bbox 830 3806 840 3862; x_wconf 91' lang='lat' dir='ltr'><strong>t</strong></span> <span class='ocrx_word' id='word_1_517' title='bbox 865 3805 931 3862; x_wconf 90' lang='lat' dir='ltr'><strong>adv.</strong></span> <span class='ocrx_word' id='word_1_518' title='bbox 947 3805 1038 3862; x_wconf 89' lang='lat' dir='ltr'><strong>Maro.</strong></span> <span class='ocrx_word' id='word_1_519' title='bbox 1094 3805 1329 3876; x_wconf 64' lang='lat' dir='ltr'><strong>maciomanum</strong></span> <span class='ocrx_word' id='word_1_520' title='bbox 1353 3804 1500 3862; x_wconf 75' lang='lat' dir='ltr'><strong>christiin</strong></span> <span class='ocrx_word' id='word_1_521' title='bbox 1522 3821 1630 3862; x_wconf 81' lang='lat' dir='ltr'><strong>corosre</strong></span> <span class='ocrx_word' id='word_1_522' title='bbox 1654 3809 1801 3878; x_wconf 77' lang='lat' dir='ltr'><strong>exspectnt.</strong></span> <span class='ocrx_word' id='word_1_523' title='bbox 1818 3805 1927 3862; x_wconf 64' lang='lat' dir='ltr'><strong>maus</strong></span> 
     </span>
     <span class='ocr_line' id='line_1_40' title="bbox 211 3893 1924 3970; baseline -0.001 -17"><span class='ocrx_word' id='word_1_524' title='bbox 211 3895 356 3970; x_wconf 81' lang='lat' dir='ltr'><strong>allegatur</strong></span> <span class='ocrx_word' id='word_1_525' title='bbox 382 3894 457 3951; x_wconf 90' lang='lat' dir='ltr'><strong>liber</strong></span> <span class='ocrx_word' id='word_1_526' title='bbox 487 3895 523 3951; x_wconf 91' lang='lat' dir='ltr'><strong>de</strong></span> <span class='ocrx_word' id='word_1_527' title='bbox 554 3893 720 3951; x_wconf 84' lang='lat' dir='ltr'><strong>Resurrect.</strong></span> <span class='ocrx_word' id='word_1_528' title='bbox 738 3895 843 3964; x_wconf 89' lang='lat' dir='ltr'><strong>carnis,</strong></span> <span class='ocrx_word' id='word_1_529' title='bbox 861 3910 918 3966; x_wconf 91' lang='lat' dir='ltr'><strong>quo</strong></span> <span class='ocrx_word' id='word_1_530' title='bbox 948 3894 981 3949; x_wconf 88' lang='lat' dir='ltr'><strong>iit</strong></span> <span class='ocrx_word' id='word_1_531' title='bbox 1008 3897 1041 3950; x_wconf 91' lang='lat' dir='ltr'><strong>ut</strong></span> <span class='ocrx_word' id='word_1_532' title='bbox 1093 3896 1241 3953; x_wconf 70' lang='lat' dir='ltr'><strong>senmntiae</strong></span> <span class='ocrx_word' id='word_1_533' title='bbox 1264 3909 1347 3964; x_wconf 79' lang='lat' dir='ltr'><strong>super</strong></span> <span class='ocrx_word' id='word_1_534' title='bbox 1370 3894 1430 3962; x_wconf 88' lang='lat' dir='ltr'><strong>iiio,</strong></span> <span class='ocrx_word' id='word_1_535' title='bbox 1446 3896 1591 3951; x_wconf 75' lang='lat' dir='ltr'><strong>amomon</strong></span> <span class='ocrx_word' id='word_1_536' title='bbox 1615 3895 1838 3952; x_wconf 82' lang='lat' dir='ltr'><strong>Cbristianorum</strong></span> <span class='ocrx_word' id='word_1_537' title='bbox 1856 3894 1924 3968; x_wconf 88' lang='lat' dir='ltr'><strong>(non</strong></span> 
     </span>
     <span class='ocr_line' id='line_1_41' title="bbox 211 3981 1923 4056; baseline -0.001 -14"><span class='ocrx_word' id='word_1_538' title='bbox 211 3985 378 4042; x_wconf 82' lang='lat' dir='ltr'><strong>existimem</strong></span> <span class='ocrx_word' id='word_1_539' title='bbox 403 3983 531 4056; x_wconf 90' lang='lat' dir='ltr'><strong>primum</strong></span> <span class='ocrx_word' id='word_1_540' title='bbox 554 3981 681 4054; x_wconf 86' lang='lat' dir='ltr'><strong>scriptos</strong></span> <span class='ocrx_word' id='word_1_541' title='bbox 697 3983 838 4040; x_wconf 85' lang='lat' dir='ltr'><strong>adversus</strong></span> <span class='ocrx_word' id='word_1_542' title='bbox 859 3982 1039 4040; x_wconf 89' lang='lat' dir='ltr'><strong>Marcionem</strong></span> <span class='ocrx_word' id='word_1_543' title='bbox 1093 3984 1168 4040; x_wconf 86' lang='lat' dir='ltr'><strong>enim</strong></span> <span class='ocrx_word' id='word_1_544' title='bbox 1191 3982 1522 4055; x_wconf 63' lang='lat' dir='ltr'><strong>sincerissimamque</strong></span> <span class='ocrx_word' id='word_1_545' title='bbox 1545 3982 1578 4039; x_wconf 85' lang='lat' dir='ltr'><strong>ds</strong></span> <span class='ocrx_word' id='word_1_546' title='bbox 1592 3983 1708 4056; x_wconf 86' lang='lat' dir='ltr'><strong>obrupto</strong></span> <span class='ocrx_word' id='word_1_547' title='bbox 1730 3986 1756 4040; x_wconf 87' lang='lat' dir='ltr'><strong>et</strong></span> <span class='ocrx_word' id='word_1_548' title='bbox 1777 3985 1923 4056; x_wconf 78' lang='lat' dir='ltr'><strong>praecipiti</strong></span> 
     </span>
     <span class='ocr_line' id='line_1_42' title="bbox 211 4070 1923 4147; baseline -0.001 -18"><span class='ocrx_word' id='word_1_549' title='bbox 211 4078 357 4147; x_wconf 86' lang='lat' dir='ltr'><strong>quatuor;</strong></span> <span class='ocrx_word' id='word_1_550' title='bbox 375 4073 567 4130; x_wconf 86' lang='lat' dir='ltr'><strong>intermedias</strong></span> <span class='ocrx_word' id='word_1_551' title='bbox 592 4072 698 4129; x_wconf 86' lang='lat' dir='ltr'><strong>deinde</strong></span> <span class='ocrx_word' id='word_1_552' title='bbox 721 4073 795 4129; x_wconf 93' lang='lat' dir='ltr'><strong>dnos</strong></span> <span class='ocrx_word' id='word_1_553' title='bbox 819 4070 906 4129; x_wconf 91' lang='lat' dir='ltr'><strong>illos:</strong></span> <span class='ocrx_word' id='word_1_554' title='bbox 923 4076 953 4128; x_wconf 90' lang='lat' dir='ltr'><strong>et</strong></span> <span class='ocrx_word' id='word_1_555' title='bbox 975 4087 1039 4144; x_wconf 88' lang='lat' dir='ltr'><strong>pos·</strong></span> <span class='ocrx_word' id='word_1_556' title='bbox 1093 4073 1208 4128; x_wconf 78' lang='lat' dir='ltr'><strong>seniori</strong></span> <span class='ocrx_word' id='word_1_557' title='bbox 1227 4071 1335 4142; x_wconf 86' lang='lat' dir='ltr'><strong>cupido,</strong></span> <span class='ocrx_word' id='word_1_558' title='bbox 1351 4073 1401 4142; x_wconf 86' lang='lat' dir='ltr'><strong>qui</strong></span> <span class='ocrx_word' id='word_1_559' title='bbox 1423 4071 1459 4127; x_wconf 82' lang='lat' dir='ltr'><strong>ds</strong></span> <span class='ocrx_word' id='word_1_560' title='bbox 1482 4070 1577 4128; x_wconf 86' lang='lat' dir='ltr'><strong>babitu</strong></span> <span class='ocrx_word' id='word_1_561' title='bbox 1600 4073 1786 4144; x_wconf 80' lang='lat' dir='ltr'><strong>interroqatus</strong></span> <span class='ocrx_word' id='word_1_562' title='bbox 1810 4072 1923 4128; x_wconf 86' lang='lat' dir='ltr'><strong>nomini</strong></span> 
     </span>
     <span class='ocr_line' id='line_1_43' title="bbox 210 4159 1923 4233; baseline -0.001 -14"><span class='ocrx_word' id='word_1_563' title='bbox 210 4166 306 4220; x_wconf 89' lang='lat' dir='ltr'><strong>tremo</strong></span> <span class='ocrx_word' id='word_1_564' title='bbox 336 4162 478 4220; x_wconf 84' lang='lat' dir='ltr'><strong>advorsus</strong></span> <span class='ocrx_word' id='word_1_565' title='bbox 505 4161 684 4218; x_wconf 84' lang='lat' dir='ltr'><strong>Marcionem</strong></span> <span class='ocrx_word' id='word_1_566' title='bbox 714 4162 861 4233; x_wconf 91' lang='lat' dir='ltr'><strong>quintum.</strong></span> <span class='ocrx_word' id='word_1_567' title='bbox 891 4159 980 4217; x_wconf 88' lang='lat' dir='ltr'><strong>Porro</strong></span> <span class='ocrx_word' id='word_1_568' title='bbox 1013 4160 1040 4216; x_wconf 90' lang='lat' dir='ltr'><strong>si</strong></span> <span class='ocrx_word' id='word_1_569' title='bbox 1094 4163 1351 4231; x_wconf 67' lang='lat' dir='ltr'><strong>nasutiumfsesrit.</strong></span> <span class='ocrx_word' id='word_1_570' title='bbox 1368 4160 1718 4218; x_wconf 88' lang='lat' dir='ltr'><strong>Nscveroomittondum</strong></span> <span class='ocrx_word' id='word_1_571' title='bbox 1742 4160 1923 4218; x_wconf 73' lang='lat' dir='ltr'><strong>ilindtPto-</strong></span> 
     </span>
     <span class='ocr_line' id='line_1_44' title="bbox 210 4249 1920 4323; baseline -0.002 -15"><span class='ocrx_word' id='word_1_572' title='bbox 210 4251 265 4309; x_wconf 91' lang='lat' dir='ltr'><strong>hoo</strong></span> <span class='ocrx_word' id='word_1_573' title='bbox 293 4268 381 4320; x_wconf 88' lang='lat' dir='ltr'><strong>anno,</strong></span> <span class='ocrx_word' id='word_1_574' title='bbox 397 4250 453 4323; x_wconf 64' lang='lat' dir='ltr'><strong>‚uti</strong></span> <span class='ocrx_word' id='word_1_575' title='bbox 482 4249 653 4323; x_wconf 90' lang='lat' dir='ltr'><strong>Onuphrius</strong></span> <span class='ocrx_word' id='word_1_576' title='bbox 681 4250 777 4318; x_wconf 86' lang='lat' dir='ltr'><strong>tradit,</strong></span> <span class='ocrx_word' id='word_1_577' title='bbox 806 4249 953 4306; x_wconf 86' lang='lat' dir='ltr'><strong>celebrata</strong></span> <span class='ocrx_word' id='word_1_578' title='bbox 978 4249 1040 4306; x_wconf 90' lang='lat' dir='ltr'><strong>sint</strong></span> <span class='ocrx_word' id='word_1_579' title='bbox 1092 4252 1271 4320; x_wconf 81' lang='lat' dir='ltr'><strong>nesupercst,</strong></span> <span class='ocrx_word' id='word_1_580' title='bbox 1287 4257 1318 4306; x_wconf 90' lang='lat' dir='ltr'><strong>ut</strong></span> <span class='ocrx_word' id='word_1_581' title='bbox 1340 4251 1426 4306; x_wconf 85' lang='lat' dir='ltr'><strong>etiam</strong></span> <span class='ocrx_word' id='word_1_582' title='bbox 1441 4251 1578 4321; x_wconf 82' lang='lat' dir='ltr'><strong>martyrio</strong></span> <span class='ocrx_word' id='word_1_583' title='bbox 1598 4249 1920 4318; x_wconf 78' lang='lat' dir='ltr'><strong>recmarsmcbiuntar,</strong></span> 
     </span>
     <span class='ocr_line' id='line_1_45' title="bbox 210 4336 1925 4411; baseline -0.001 -15"><span class='ocrx_word' id='word_1_584' title='bbox 210 4339 387 4397; x_wconf 86' lang='lat' dir='ltr'><strong>Decennaiia</strong></span> <span class='ocrx_word' id='word_1_585' title='bbox 413 4339 561 4396; x_wconf 85' lang='lat' dir='ltr'><strong>Antonino</strong></span> <span class='ocrx_word' id='word_1_586' title='bbox 586 4338 692 4411; x_wconf 85' lang='lat' dir='ltr'><strong>Impar.</strong></span> <span class='ocrx_word' id='word_1_587' title='bbox 710 4338 808 4395; x_wconf 87' lang='lat' dir='ltr'><strong>Severi</strong></span> <span class='ocrx_word' id='word_1_588' title='bbox 823 4336 888 4404; x_wconf 89' lang='lat' dir='ltr'><strong>iiiii,</strong></span> <span class='ocrx_word' id='word_1_589' title='bbox 905 4336 1038 4394; x_wconf 87' lang='lat' dir='ltr'><strong>tortsesis</strong></span> <span class='ocrx_word' id='word_1_590' title='bbox 1092 4337 1235 4393; x_wconf 79' lang='lat' dir='ltr'><strong>Mussitant</strong></span> <span class='ocrx_word' id='word_1_591' title='bbox 1257 4336 1374 4410; x_wconf 68' lang='lat' dir='ltr'><strong>beauce</strong></span> <span class='ocrx_word' id='word_1_592' title='bbox 1390 4345 1447 4394; x_wconf 84' lang='lat' dir='ltr'><strong>tam</strong></span> <span class='ocrx_word' id='word_1_593' title='bbox 1475 4336 1573 4394; x_wconf 88' lang='lat' dir='ltr'><strong>bonam</strong></span> <span class='ocrx_word' id='word_1_594' title='bbox 1587 4346 1614 4395; x_wconf 82' lang='lat' dir='ltr'><strong>et</strong></span> <span class='ocrx_word' id='word_1_595' title='bbox 1628 4338 1736 4409; x_wconf 78' lang='lat' dir='ltr'><strong>tanqam</strong></span> <span class='ocrx_word' id='word_1_596' title='bbox 1751 4336 1804 4393; x_wconf 82' lang='lat' dir='ltr'><strong>sibi</strong></span> <span class='ocrx_word' id='word_1_597' title='bbox 1822 4353 1925 4409; x_wconf 82' lang='lat' dir='ltr'><strong>paoem</strong></span> 
     </span>
    </p>
   </div>
   <div class='ocr_carea' id='block_1_7' title="bbox 1360 1257 1648 1300">
    <p class='ocr_par' dir='ltr' id='par_1_8' title="bbox 1360 1257 1648 1300">
     <span class='ocr_line' id='line_1_46' title="bbox 1360 1257 1648 1300; baseline 0 0"><span class='ocrx_word' id='word_1_598' title='bbox 1360 1258 1437 1300; x_wconf 72' lang='lat' dir='ltr'><strong>Auno</strong></span> <span class='ocrx_word' id='word_1_599' title='bbox 1456 1257 1559 1299; x_wconf 78' lang='lat' dir='ltr'><strong>oomni</strong></span> <span class='ocrx_word' id='word_1_600' title='bbox 1574 1257 1648 1300; x_wconf 73' lang='lat' dir='ltr'><strong>CCIX.</strong></span> 
     </span>
    </p>
   </div>
   <div class='ocr_carea' id='block_1_8' title="bbox 468 1808 785 1852">
    <p class='ocr_par' dir='ltr' id='par_1_9' title="bbox 468 1808 785 1852">
     <span class='ocr_line' id='line_1_47' title="bbox 468 1808 785 1852; baseline -0.016 0"><span class='ocrx_word' id='word_1_601' title='bbox 468 1811 545 1852; x_wconf 79' lang='lat' dir='ltr'><strong>ANNO</strong></span> <span class='ocrx_word' id='word_1_602' title='bbox 564 1810 669 1851; x_wconf 75' lang='lat' dir='ltr'><strong>uomitu</strong></span> <span class='ocrx_word' id='word_1_603' title='bbox 689 1808 785 1850; x_wconf 79' lang='lat' dir='ltr'><strong>ccviii.</strong></span> 
     </span>
    </p>
   </div>
   <div class='ocr_carea' id='block_1_9' title="bbox 206 4425 1923 4862">
    <p class='ocr_par' dir='ltr' id='par_1_10' title="bbox 206 4425 1923 4862">
     <span class='ocr_line' id='line_1_48' title="bbox 209 4425 1922 4502; baseline -0.001 -18"><span class='ocrx_word' id='word_1_604' title='bbox 209 4433 505 4502; x_wconf 69' lang='lat' dir='ltr'><strong>praeoccupassem</strong></span> <span class='ocrx_word' id='word_1_605' title='bbox 521 4427 634 4501; x_wconf 88' lang='lat' dir='ltr'><strong>integro</strong></span> <span class='ocrx_word' id='word_1_606' title='bbox 650 4427 686 4484; x_wconf 91' lang='lat' dir='ltr'><strong>ob</strong></span> <span class='ocrx_word' id='word_1_607' title='bbox 703 4427 867 4483; x_wconf 88' lang='lat' dir='ltr'><strong>discessum</strong></span> <span class='ocrx_word' id='word_1_608' title='bbox 883 4425 912 4481; x_wconf 93' lang='lat' dir='ltr'><strong>in</strong></span> <span class='ocrx_word' id='word_1_609' title='bbox 927 4425 1038 4482; x_wconf 89' lang='lat' dir='ltr'><strong>beilum</strong></span> <span class='ocrx_word' id='word_1_610' title='bbox 1091 4427 1259 4498; x_wconf 82' lang='lat' dir='ltr'><strong>periclitari.</strong></span> <span class='ocrx_word' id='word_1_611' title='bbox 1275 4427 1328 4483; x_wconf 84' lang='lat' dir='ltr'><strong>Mac</strong></span> <span class='ocrx_word' id='word_1_612' title='bbox 1342 4426 1438 4483; x_wconf 84' lang='lat' dir='ltr'><strong>dubito</strong></span> <span class='ocrx_word' id='word_1_613' title='bbox 1453 4425 1584 4498; x_wconf 80' lang='lat' dir='ltr'><strong>quosdam</strong></span> <span class='ocrx_word' id='word_1_614' title='bbox 1597 4431 1750 4498; x_wconf 77' lang='lat' dir='ltr'><strong>scripturas</strong></span> <span class='ocrx_word' id='word_1_615' title='bbox 1770 4427 1922 4496; x_wconf 75' lang='lat' dir='ltr'><strong>emiprore,</strong></span> 
     </span>
     <span class='ocr_line' id='line_1_49' title="bbox 207 4513 1923 4590; baseline 0 -18"><span class='ocrx_word' id='word_1_616' title='bbox 207 4516 422 4590; x_wconf 85' lang='lat' dir='ltr'><strong>Britannicum,</strong></span> <span class='ocrx_word' id='word_1_617' title='bbox 436 4533 523 4590; x_wconf 88' lang='lat' dir='ltr'><strong>quem</strong></span> <span class='ocrx_word' id='word_1_618' title='bbox 545 4514 738 4572; x_wconf 84' lang='lat' dir='ltr'><strong>Cassiodorus</strong></span> <span class='ocrx_word' id='word_1_619' title='bbox 753 4515 801 4570; x_wconf 88' lang='lat' dir='ltr'><strong>his</strong></span> <span class='ocrx_word' id='word_1_620' title='bbox 820 4518 899 4572; x_wconf 80' lang='lat' dir='ltr'><strong>coss.</strong></span> <span class='ocrx_word' id='word_1_621' title='bbox 915 4513 1038 4571; x_wconf 86' lang='lat' dir='ltr'><strong>accidis·</strong></span> <span class='ocrx_word' id='word_1_622' title='bbox 1091 4517 1219 4572; x_wconf 83' lang='lat' dir='ltr'><strong>sarcinas</strong></span> <span class='ocrx_word' id='word_1_623' title='bbox 1241 4514 1466 4588; x_wconf 61' lang='lat' dir='ltr'><strong>expediremus</strong></span> <span class='ocrx_word' id='word_1_624' title='bbox 1488 4516 1599 4587; x_wconf 81' lang='lat' dir='ltr'><strong>occinqi</strong></span> <span class='ocrx_word' id='word_1_625' title='bbox 1611 4515 1643 4572; x_wconf 87' lang='lat' dir='ltr'><strong>de</strong></span> <span class='ocrx_word' id='word_1_626' title='bbox 1665 4516 1775 4571; x_wconf 83' lang='lat' dir='ltr'><strong>civitate</strong></span> <span class='ocrx_word' id='word_1_627' title='bbox 1794 4516 1827 4570; x_wconf 89' lang='lat' dir='ltr'><strong>in</strong></span> <span class='ocrx_word' id='word_1_628' title='bbox 1850 4517 1923 4572; x_wconf 83' lang='lat' dir='ltr'><strong>siui-</strong></span> 
     </span>
     <span class='ocr_line' id='line_1_50' title="bbox 210 4587 1921 4676; baseline -0.001 -13"><span class='ocrx_word' id='word_1_629' title='bbox 210 4622 242 4663; x_wconf 91' lang='lat' dir='ltr'><strong>se</strong></span> <span class='ocrx_word' id='word_1_630' title='bbox 257 4606 378 4664; x_wconf 87' lang='lat' dir='ltr'><strong>scribit:</strong></span> <span class='ocrx_word' id='word_1_631' title='bbox 394 4607 449 4663; x_wconf 88' lang='lat' dir='ltr'><strong>hos</strong></span> <span class='ocrx_word' id='word_1_632' title='bbox 465 4605 553 4662; x_wconf 85' lang='lat' dir='ltr'><strong>etiam</strong></span> <span class='ocrx_word' id='word_1_633' title='bbox 578 4620 655 4661; x_wconf 90' lang='lat' dir='ltr'><strong>anno</strong></span> <span class='ocrx_word' id='word_1_634' title='bbox 679 4603 807 4676; x_wconf 88' lang='lat' dir='ltr'><strong>scriptus</strong></span> <span class='ocrx_word' id='word_1_635' title='bbox 823 4609 869 4660; x_wconf 91' lang='lat' dir='ltr'><strong>est</strong></span> <span class='ocrx_word' id='word_1_636' title='bbox 893 4603 981 4659; x_wconf 79' lang='lat' dir='ltr'><strong>Lissa</strong></span> <span class='ocrx_word' id='word_1_637' title='bbox 1004 4587 1184 4662; x_wconf 74' lang='lat' dir='ltr'><strong>nclitum.</strong></span> <span class='ocrx_word' id='word_1_638' title='bbox 1212 4605 1281 4662; x_wconf 86' lang='lat' dir='ltr'><strong>Noui</strong></span> <span class='ocrx_word' id='word_1_639' title='bbox 1300 4609 1326 4662; x_wconf 87' lang='lat' dir='ltr'><strong>et</strong></span> <span class='ocrx_word' id='word_1_640' title='bbox 1347 4607 1469 4676; x_wconf 80' lang='lat' dir='ltr'><strong>pastores</strong></span> <span class='ocrx_word' id='word_1_641' title='bbox 1493 4620 1589 4662; x_wconf 85' lang='lat' dir='ltr'><strong>corum</strong></span> <span class='ocrx_word' id='word_1_642' title='bbox 1612 4607 1644 4660; x_wconf 90' lang='lat' dir='ltr'><strong>in</strong></span> <span class='ocrx_word' id='word_1_643' title='bbox 1666 4617 1733 4676; x_wconf 80' lang='lat' dir='ltr'><strong>poco</strong></span> <span class='ocrx_word' id='word_1_644' title='bbox 1755 4603 1858 4668; x_wconf 82' lang='lat' dir='ltr'><strong>teones,</strong></span> <span class='ocrx_word' id='word_1_645' title='bbox 1890 4605 1921 4662; x_wconf 86' lang='lat' dir='ltr'><strong>in</strong></span> 
     </span>
     <span class='ocr_line' id='line_1_51' title="bbox 206 4691 1923 4767; baseline -0.003 -13"><span class='ocrx_word' id='word_1_646' title='bbox 206 4697 318 4754; x_wconf 81' lang='lat' dir='ltr'><strong>Conona</strong></span> <span class='ocrx_word' id='word_1_647' title='bbox 346 4697 474 4764; x_wconf 84' lang='lat' dir='ltr'><strong>Mruru,</strong></span> <span class='ocrx_word' id='word_1_648' title='bbox 499 4695 546 4750; x_wconf 90' lang='lat' dir='ltr'><strong>sin</strong></span> <span class='ocrx_word' id='word_1_649' title='bbox 576 4709 653 4749; x_wconf 91' lang='lat' dir='ltr'><strong>auno</strong></span> <span class='ocrx_word' id='word_1_650' title='bbox 682 4693 817 4765; x_wconf 90' lang='lat' dir='ltr'><strong>sequenti</strong></span> <span class='ocrx_word' id='word_1_651' title='bbox 846 4693 936 4767; x_wconf 91' lang='lat' dir='ltr'><strong>(quod</strong></span> <span class='ocrx_word' id='word_1_652' title='bbox 965 4693 1038 4749; x_wconf 90' lang='lat' dir='ltr'><strong>mihi</strong></span> <span class='ocrx_word' id='word_1_653' title='bbox 1090 4692 1617 4767; x_wconf 74' lang='lat' dir='ltr'><strong>praenarrassssadequaeutmtbm</strong></span> <span class='ocrx_word' id='word_1_654' title='bbox 1632 4693 1833 4765; x_wconf 75' lang='lat' dir='ltr'><strong>confessionum</strong></span> <span class='ocrx_word' id='word_1_655' title='bbox 1848 4691 1923 4750; x_wconf 85' lang='lat' dir='ltr'><strong>aiibi</strong></span> 
     </span>
     <span class='ocr_line' id='line_1_52' title="bbox 207 4780 1922 4862; baseline -0.003 -18"><span class='ocrx_word' id='word_1_656' title='bbox 207 4787 303 4862; x_wconf 83' lang='lat' dir='ltr'><strong>magis</strong></span> <span class='ocrx_word' id='word_1_657' title='bbox 318 4787 351 4843; x_wconf 86' lang='lat' dir='ltr'><strong>iit</strong></span> <span class='ocrx_word' id='word_1_658' title='bbox 375 4784 534 4844; x_wconf 78' lang='lat' dir='ltr'><strong>verisimile</strong></span> <span class='ocrx_word' id='word_1_659' title='bbox 554 4800 588 4840; x_wconf 83' lang='lat' dir='ltr'><strong>ex</strong></span> <span class='ocrx_word' id='word_1_660' title='bbox 612 4781 663 4838; x_wconf 88' lang='lat' dir='ltr'><strong>ills</strong></span> <span class='ocrx_word' id='word_1_661' title='bbox 686 4782 799 4840; x_wconf 87' lang='lat' dir='ltr'><strong>nummi</strong></span> <span class='ocrx_word' id='word_1_662' title='bbox 823 4781 1035 4853; x_wconf 89' lang='lat' dir='ltr'><strong>inscriptione:</strong></span> <span class='ocrx_word' id='word_1_663' title='bbox 1091 4783 1255 4840; x_wconf 80' lang='lat' dir='ltr'><strong>docebimus.</strong></span> <span class='ocrx_word' id='word_1_664' title='bbox 1273 4783 1397 4839; x_wconf 88' lang='lat' dir='ltr'><strong>Deuotat</strong></span> <span class='ocrx_word' id='word_1_665' title='bbox 1419 4783 1498 4838; x_wconf 87' lang='lat' dir='ltr'><strong>enim</strong></span> <span class='ocrx_word' id='word_1_666' title='bbox 1514 4782 1554 4838; x_wconf 92' lang='lat' dir='ltr'><strong>ibi</strong></span> <span class='ocrx_word' id='word_1_667' title='bbox 1570 4786 1621 4838; x_wconf 89' lang='lat' dir='ltr'><strong>aut</strong></span> <span class='ocrx_word' id='word_1_668' title='bbox 1643 4781 1752 4838; x_wconf 88' lang='lat' dir='ltr'><strong>tibrum</strong></span> <span class='ocrx_word' id='word_1_669' title='bbox 1778 4780 1814 4836; x_wconf 87' lang='lat' dir='ltr'><strong>de</strong></span> <span class='ocrx_word' id='word_1_670' title='bbox 1840 4781 1922 4854; x_wconf 78' lang='lat' dir='ltr'><strong>Fuga</strong></span> 
     </span>
    </p>
   </div>
   <div class='ocr_carea' id='block_1_10' title="bbox 16 4861 1920 4945">
    <p class='ocr_par' dir='ltr' id='par_1_11' title="bbox 16 4861 1920 4945">
     <span class='ocr_line' id='line_1_53' title="bbox 16 4861 1920 4945; baseline -0.002 -16"><span class='ocrx_word' id='word_1_671' title='bbox 16 4899 33 4914; x_wconf 44' lang='lat' dir='ltr'><strong>a</strong></span> <span class='ocrx_word' id='word_1_672' title='bbox 52 4861 144 4908; x_wconf 37' lang='grc' dir='ltr'><strong><em>Μ</em></strong></span> <span class='ocrx_word' id='word_1_673' title='bbox 207 4877 344 4932; x_wconf 84' lang='lat' dir='ltr'><strong>Auromns</strong></span> <span class='ocrx_word' id='word_1_674' title='bbox 369 4880 436 4930; x_wconf 78' lang='lat' dir='ltr'><strong>Pius</strong></span> <span class='ocrx_word' id='word_1_675' title='bbox 464 4879 547 4943; x_wconf 63' lang='lat' dir='ltr'><strong>Aue„</strong></span> <span class='ocrx_word' id='word_1_676' title='bbox 577 4874 639 4928; x_wconf 87' lang='lat' dir='ltr'><strong>Cos.</strong></span> <span class='ocrx_word' id='word_1_677' title='bbox 661 4887 703 4928; x_wconf 93' lang='grc' dir='ltr'><strong>ιιι.</strong></span> <span class='ocrx_word' id='word_1_678' title='bbox 735 4871 807 4929; x_wconf 76' lang='lat' dir='ltr'><strong>Vara</strong></span> <span class='ocrx_word' id='word_1_679' title='bbox 835 4873 942 4928; x_wconf 77' lang='lat' dir='ltr'><strong>Secura</strong></span> <span class='ocrx_word' id='word_1_680' title='bbox 972 4871 1037 4942; x_wconf 75' lang='lat' dir='ltr'><strong>tino)</strong></span> <span class='ocrx_word' id='word_1_681' title='bbox 1091 4872 1121 4928; x_wconf 92' lang='lat' dir='ltr'><strong>in</strong></span> <span class='ocrx_word' id='word_1_682' title='bbox 1138 4872 1349 4945; x_wconf 90' lang='lat' dir='ltr'><strong>persecutione,</strong></span> <span class='ocrx_word' id='word_1_683' title='bbox 1367 4875 1418 4926; x_wconf 89' lang='lat' dir='ltr'><strong>sut</strong></span> <span class='ocrx_word' id='word_1_684' title='bbox 1443 4871 1522 4943; x_wconf 92' lang='lat' dir='ltr'><strong>quod</strong></span> <span class='ocrx_word' id='word_1_685' title='bbox 1546 4870 1640 4944; x_wconf 76' lang='lat' dir='ltr'><strong>magis</strong></span> <span class='ocrx_word' id='word_1_686' title='bbox 1661 4869 1766 4943; x_wconf 85' lang='lat' dir='ltr'><strong>placet,</strong></span> <span class='ocrx_word' id='word_1_687' title='bbox 1786 4870 1920 4926; x_wconf 79' lang='lat' dir='ltr'><strong>Securis·</strong></span> 
     </span>
    </p>
   </div>
   <div class='ocr_carea' id='block_1_11' title="bbox 205 4959 1922 5745">
    <p class='ocr_par' dir='ltr' id='par_1_12' title="bbox 205 4959 1922 5745">
     <span class='ocr_line' id='line_1_54' title="bbox 208 4959 1918 5035; baseline -0.002 -16"><span class='ocrx_word' id='word_1_688' title='bbox 208 4965 368 5035; x_wconf 90' lang='lat' dir='ltr'><strong>utrumque</strong></span> <span class='ocrx_word' id='word_1_689' title='bbox 393 4961 558 5034; x_wconf 87' lang='lat' dir='ltr'><strong>contigerit,</strong></span> <span class='ocrx_word' id='word_1_690' title='bbox 574 4960 645 5017; x_wconf 88' lang='lat' dir='ltr'><strong>iiluo</strong></span> <span class='ocrx_word' id='word_1_691' title='bbox 669 4961 775 5018; x_wconf 83' lang='lat' dir='ltr'><strong>reterre</strong></span> <span class='ocrx_word' id='word_1_692' title='bbox 791 4962 900 5035; x_wconf 89' lang='lat' dir='ltr'><strong>poterit</strong></span> <span class='ocrx_word' id='word_1_693' title='bbox 924 4961 1036 5029; x_wconf 85' lang='lat' dir='ltr'><strong>Lector,</strong></span> <span class='ocrx_word' id='word_1_694' title='bbox 1091 4977 1143 5020; x_wconf 86' lang='lat' dir='ltr'><strong>aon</strong></span> <span class='ocrx_word' id='word_1_695' title='bbox 1167 4977 1302 5019; x_wconf 69' lang='lat' dir='ltr'><strong>novamus</strong></span> <span class='ocrx_word' id='word_1_696' title='bbox 1326 4964 1485 5017; x_wconf 82' lang='lat' dir='ltr'><strong>Gnosrrcos.</strong></span> <span class='ocrx_word' id='word_1_697' title='bbox 1510 4960 1571 5032; x_wconf 88' lang='lat' dir='ltr'><strong>(tib.</strong></span> <span class='ocrx_word' id='word_1_698' title='bbox 1596 4960 1636 5017; x_wconf 87' lang='lat' dir='ltr'><strong>od</strong></span> <span class='ocrx_word' id='word_1_699' title='bbox 1661 4959 1755 5016; x_wconf 80' lang='lat' dir='ltr'><strong>Gnosi.</strong></span> <span class='ocrx_word' id='word_1_700' title='bbox 1782 4963 1811 5015; x_wconf 89' lang='lat' dir='ltr'><strong>et</strong></span> <span class='ocrx_word' id='word_1_701' title='bbox 1834 4975 1860 5014; x_wconf 89' lang='lat' dir='ltr'><strong>o.</strong></span> <span class='ocrx_word' id='word_1_702' title='bbox 1879 4960 1918 5030; x_wconf 82' lang='lat' dir='ltr'><strong>t).</strong></span> 
     </span>
     <span class='ocr_line' id='line_1_55' title="bbox 208 5045 1920 5124; baseline -0.002 -16"><span class='ocrx_word' id='word_1_703' title='bbox 208 5051 369 5108; x_wconf 91' lang='lat' dir='ltr'><strong>dummodo</strong></span> <span class='ocrx_word' id='word_1_704' title='bbox 395 5051 550 5108; x_wconf 87' lang='lat' dir='ltr'><strong>nobiscum</strong></span> <span class='ocrx_word' id='word_1_705' title='bbox 580 5049 698 5118; x_wconf 88' lang='lat' dir='ltr'><strong>sentiat,</strong></span> <span class='ocrx_word' id='word_1_706' title='bbox 729 5053 797 5107; x_wconf 83' lang='lat' dir='ltr'><strong>ante</strong></span> <span class='ocrx_word' id='word_1_707' title='bbox 825 5049 1038 5123; x_wconf 87' lang='lat' dir='ltr'><strong>expeditionem</strong></span> <span class='ocrx_word' id='word_1_708' title='bbox 1092 5067 1196 5124; x_wconf 90' lang='lat' dir='ltr'><strong>nempe</strong></span> <span class='ocrx_word' id='word_1_709' title='bbox 1210 5050 1361 5107; x_wconf 82' lang='lat' dir='ltr'><strong>Prodicum</strong></span> <span class='ocrx_word' id='word_1_710' title='bbox 1380 5049 1560 5121; x_wconf 78' lang='lat' dir='ltr'><strong>Scorpionem</strong></span> <span class='ocrx_word' id='word_1_711' title='bbox 1575 5052 1603 5105; x_wconf 87' lang='lat' dir='ltr'><strong>st</strong></span> <span class='ocrx_word' id='word_1_712' title='bbox 1617 5048 1691 5104; x_wconf 88' lang='lat' dir='ltr'><strong>alios</strong></span> <span class='ocrx_word' id='word_1_713' title='bbox 1709 5045 1920 5104; x_wconf 75' lang='lat' dir='ltr'><strong>Valentinianos</strong></span> 
     </span>
     <span class='ocr_line' id='line_1_56' title="bbox 207 5135 1920 5212; baseline -0.002 -18"><span class='ocrx_word' id='word_1_714' title='bbox 207 5139 417 5196; x_wconf 82' lang='lat' dir='ltr'><strong>Britannicam.</strong></span> <span class='ocrx_word' id='word_1_715' title='bbox 438 5139 480 5195; x_wconf 93' lang='lat' dir='ltr'><strong>Ad</strong></span> <span class='ocrx_word' id='word_1_716' title='bbox 506 5153 594 5210; x_wconf 86' lang='lat' dir='ltr'><strong>quam</strong></span> <span class='ocrx_word' id='word_1_717' title='bbox 620 5138 747 5211; x_wconf 89' lang='lat' dir='ltr'><strong>pertinet</strong></span> <span class='ocrx_word' id='word_1_718' title='bbox 771 5137 859 5196; x_wconf 86' lang='lat' dir='ltr'><strong>etism</strong></span> <span class='ocrx_word' id='word_1_719' title='bbox 883 5137 1036 5210; x_wconf 87' lang='lat' dir='ltr'><strong>inscriptis</strong></span> <span class='ocrx_word' id='word_1_720' title='bbox 1090 5141 1292 5212; x_wconf 78' lang='lat' dir='ltr'><strong>martyriorum</strong></span> <span class='ocrx_word' id='word_1_721' title='bbox 1315 5137 1512 5212; x_wconf 67' lang='lat' dir='ltr'><strong>resropatcrss,</strong></span> <span class='ocrx_word' id='word_1_722' title='bbox 1531 5137 1657 5210; x_wconf 87' lang='lat' dir='ltr'><strong>quijam</strong></span> <span class='ocrx_word' id='word_1_723' title='bbox 1678 5137 1709 5192; x_wconf 91' lang='lat' dir='ltr'><strong>in</strong></span> <span class='ocrx_word' id='word_1_724' title='bbox 1732 5136 1860 5192; x_wconf 80' lang='lat' dir='ltr'><strong>Africam</strong></span> <span class='ocrx_word' id='word_1_725' title='bbox 1878 5135 1920 5191; x_wconf 92' lang='lat' dir='ltr'><strong>ir-</strong></span> 
     </span>
     <span class='ocr_line' id='line_1_57' title="bbox 207 5223 1919 5300; baseline -0.001 -18"><span class='ocrx_word' id='word_1_726' title='bbox 207 5243 297 5300; x_wconf 89' lang='lat' dir='ltr'><strong>suprs</strong></span> <span class='ocrx_word' id='word_1_727' title='bbox 320 5228 427 5300; x_wconf 91' lang='lat' dir='ltr'><strong>posita,</strong></span> <span class='ocrx_word' id='word_1_728' title='bbox 444 5243 512 5284; x_wconf 90' lang='lat' dir='ltr'><strong>sum</strong></span> <span class='ocrx_word' id='word_1_729' title='bbox 533 5225 630 5298; x_wconf 78' lang='lat' dir='ltr'><strong>nitigis</strong></span> <span class='ocrx_word' id='word_1_730' title='bbox 655 5227 763 5299; x_wconf 76' lang='lat' dir='ltr'><strong>equitis</strong></span> <span class='ocrx_word' id='word_1_731' title='bbox 787 5244 878 5285; x_wconf 85' lang='lat' dir='ltr'><strong>manu</strong></span> <span class='ocrx_word' id='word_1_732' title='bbox 902 5226 1036 5297; x_wconf 78' lang='lat' dir='ltr'><strong>jaculum</strong></span> <span class='ocrx_word' id='word_1_733' title='bbox 1091 5244 1227 5300; x_wconf 91' lang='lat' dir='ltr'><strong>rumpere</strong></span> <span class='ocrx_word' id='word_1_734' title='bbox 1249 5233 1398 5300; x_wconf 74' lang='lat' dir='ltr'><strong>cuperant</strong></span> <span class='ocrx_word' id='word_1_735' title='bbox 1421 5226 1468 5298; x_wconf 85' lang='lat' dir='ltr'><strong>(de</strong></span> <span class='ocrx_word' id='word_1_736' title='bbox 1492 5225 1601 5298; x_wconf 89' lang='lat' dir='ltr'><strong>quibus</strong></span> <span class='ocrx_word' id='word_1_737' title='bbox 1615 5224 1712 5282; x_wconf 88' lang='lat' dir='ltr'><strong>videat</strong></span> <span class='ocrx_word' id='word_1_738' title='bbox 1736 5223 1837 5282; x_wconf 89' lang='lat' dir='ltr'><strong>Lector</strong></span> <span class='ocrx_word' id='word_1_739' title='bbox 1858 5225 1919 5280; x_wconf 89' lang='lat' dir='ltr'><strong>An·</strong></span> 
     </span>
     <span class='ocr_line' id='line_1_58' title="bbox 205 5313 1919 5389; baseline -0.001 -18"><span class='ocrx_word' id='word_1_740' title='bbox 205 5316 334 5374; x_wconf 85' lang='lat' dir='ltr'><strong>tenentis</strong></span> <span class='ocrx_word' id='word_1_741' title='bbox 351 5333 358 5373; x_wconf 76' lang='grc' dir='ltr'><strong><em>ι</em></strong></span> <span class='ocrx_word' id='word_1_742' title='bbox 374 5319 526 5374; x_wconf 84' lang='lat' dir='ltr'><strong>Pnoracuo</strong></span> <span class='ocrx_word' id='word_1_743' title='bbox 551 5319 639 5372; x_wconf 87' lang='lat' dir='ltr'><strong>Anne.</strong></span> <span class='ocrx_word' id='word_1_744' title='bbox 665 5331 731 5371; x_wconf 91' lang='lat' dir='ltr'><strong>nem</strong></span> <span class='ocrx_word' id='word_1_745' title='bbox 755 5322 915 5387; x_wconf 87' lang='lat' dir='ltr'><strong>utrumque</strong></span> <span class='ocrx_word' id='word_1_746' title='bbox 940 5313 1035 5370; x_wconf 84' lang='lat' dir='ltr'><strong>filium</strong></span> <span class='ocrx_word' id='word_1_747' title='bbox 1091 5324 1150 5374; x_wconf 86' lang='lat' dir='ltr'><strong>not.</strong></span> <span class='ocrx_word' id='word_1_748' title='bbox 1174 5316 1301 5389; x_wconf 86' lang='lat' dir='ltr'><strong>nostras)</strong></span> <span class='ocrx_word' id='word_1_749' title='bbox 1326 5314 1409 5386; x_wconf 80' lang='lat' dir='ltr'><strong>[ibid.</strong></span> <span class='ocrx_word' id='word_1_750' title='bbox 1429 5330 1454 5370; x_wconf 88' lang='lat' dir='ltr'><strong>o.</strong></span> <span class='ocrx_word' id='word_1_751' title='bbox 1480 5313 1685 5384; x_wconf 62' lang='lat' dir='ltr'><strong>tiberiensis</strong></span> <span class='ocrx_word' id='word_1_752' title='bbox 1709 5313 1799 5370; x_wconf 88' lang='lat' dir='ltr'><strong>etiam</strong></span> <span class='ocrx_word' id='word_1_753' title='bbox 1820 5313 1919 5370; x_wconf 74' lang='lat' dir='ltr'><strong>Romen</strong></span> 
     </span>
     <span class='ocr_line' id='line_1_59' title="bbox 205 5401 1922 5477; baseline 0 -18"><span class='ocrx_word' id='word_1_754' title='bbox 205 5418 305 5460; x_wconf 89' lang='lat' dir='ltr'><strong>secum</strong></span> <span class='ocrx_word' id='word_1_755' title='bbox 328 5404 411 5461; x_wconf 84' lang='lat' dir='ltr'><strong>duxit</strong></span> <span class='ocrx_word' id='word_1_756' title='bbox 433 5407 567 5472; x_wconf 84' lang='lat' dir='ltr'><strong>Severus,</strong></span> <span class='ocrx_word' id='word_1_757' title='bbox 593 5420 610 5458; x_wconf 89' lang='lat' dir='ltr'><strong>a</strong></span> <span class='ocrx_word' id='word_1_758' title='bbox 634 5419 692 5475; x_wconf 92' lang='lat' dir='ltr'><strong>quo</strong></span> <span class='ocrx_word' id='word_1_759' title='bbox 727 5419 793 5459; x_wconf 90' lang='lat' dir='ltr'><strong>cum</strong></span> <span class='ocrx_word' id='word_1_760' title='bbox 817 5408 849 5460; x_wconf 88' lang='lat' dir='ltr'><strong>P.</strong></span> <span class='ocrx_word' id='word_1_761' title='bbox 875 5401 1035 5476; x_wconf 83' lang='lat' dir='ltr'><strong>Septimius</strong></span> <span class='ocrx_word' id='word_1_762' title='bbox 1090 5405 1245 5477; x_wconf 87' lang='lat' dir='ltr'><strong>scriptum.</strong></span> <span class='ocrx_word' id='word_1_763' title='bbox 1262 5409 1343 5460; x_wconf 89' lang='lat' dir='ltr'><strong>tneo</strong></span> <span class='ocrx_word' id='word_1_764' title='bbox 1366 5404 1444 5460; x_wconf 91' lang='lat' dir='ltr'><strong>enim</strong></span> <span class='ocrx_word' id='word_1_765' title='bbox 1462 5402 1536 5458; x_wconf 81' lang='lat' dir='ltr'><strong>etde</strong></span> <span class='ocrx_word' id='word_1_766' title='bbox 1557 5403 1756 5476; x_wconf 65' lang='lat' dir='ltr'><strong>questionibus</strong></span> <span class='ocrx_word' id='word_1_767' title='bbox 1769 5403 1922 5472; x_wconf 69' lang='lat' dir='ltr'><strong>confusia-</strong></span> 
     </span>
     <span class='ocr_line' id='line_1_60' title="bbox 205 5491 1919 5568; baseline -0.001 -19"><span class='ocrx_word' id='word_1_768' title='bbox 205 5492 278 5550; x_wconf 86' lang='lat' dir='ltr'><strong>Geta</strong></span> <span class='ocrx_word' id='word_1_769' title='bbox 292 5510 369 5551; x_wconf 81' lang='lat' dir='ltr'><strong>enno</strong></span> <span class='ocrx_word' id='word_1_770' title='bbox 393 5494 521 5568; x_wconf 89' lang='lat' dir='ltr'><strong>primum</strong></span> <span class='ocrx_word' id='word_1_771' title='bbox 539 5491 673 5563; x_wconf 89' lang='lat' dir='ltr'><strong>sequenti</strong></span> <span class='ocrx_word' id='word_1_772' title='bbox 696 5495 805 5562; x_wconf 88' lang='lat' dir='ltr'><strong>lmper.</strong></span> <span class='ocrx_word' id='word_1_773' title='bbox 821 5497 891 5548; x_wconf 80' lang='lat' dir='ltr'><strong>Ces.</strong></span> <span class='ocrx_word' id='word_1_774' title='bbox 906 5494 980 5564; x_wconf 84' lang='lat' dir='ltr'><strong>Aug.</strong></span> <span class='ocrx_word' id='word_1_775' title='bbox 997 5492 1037 5549; x_wconf 91' lang='lat' dir='ltr'><strong>sit</strong></span> <span class='ocrx_word' id='word_1_776' title='bbox 1089 5509 1169 5559; x_wconf 89' lang='lat' dir='ltr'><strong>num,</strong></span> <span class='ocrx_word' id='word_1_777' title='bbox 1183 5493 1213 5548; x_wconf 90' lang='lat' dir='ltr'><strong>id</strong></span> <span class='ocrx_word' id='word_1_778' title='bbox 1229 5497 1284 5562; x_wconf 86' lang='lat' dir='ltr'><strong>eet,</strong></span> <span class='ocrx_word' id='word_1_779' title='bbox 1300 5492 1379 5562; x_wconf 91' lang='lat' dir='ltr'><strong>quod</strong></span> <span class='ocrx_word' id='word_1_780' title='bbox 1404 5491 1536 5548; x_wconf 83' lang='lat' dir='ltr'><strong>confiteri</strong></span> <span class='ocrx_word' id='word_1_781' title='bbox 1552 5492 1702 5550; x_wconf 85' lang='lat' dir='ltr'><strong>Christum</strong></span> <span class='ocrx_word' id='word_1_782' title='bbox 1728 5507 1846 5548; x_wconf 89' lang='lat' dir='ltr'><strong>neeesse</strong></span> <span class='ocrx_word' id='word_1_783' title='bbox 1869 5491 1919 5563; x_wconf 85' lang='lat' dir='ltr'><strong>eit,</strong></span> 
     </span>
     <span class='ocr_line' id='line_1_61' title="bbox 205 5579 1918 5656; baseline -0.002 -16"><span class='ocrx_word' id='word_1_784' title='bbox 205 5583 371 5656; x_wconf 88' lang='lat' dir='ltr'><strong>appellatus</strong></span> <span class='ocrx_word' id='word_1_785' title='bbox 399 5589 427 5640; x_wconf 87' lang='lat' dir='ltr'><strong>ci</strong></span> <span class='ocrx_word' id='word_1_786' title='bbox 454 5579 650 5638; x_wconf 65' lang='lat' dir='ltr'><strong>tribunitiam</strong></span> <span class='ocrx_word' id='word_1_787' title='bbox 680 5585 855 5650; x_wconf 88' lang='lat' dir='ltr'><strong>potestatem</strong></span> <span class='ocrx_word' id='word_1_788' title='bbox 879 5581 1034 5654; x_wconf 87' lang='lat' dir='ltr'><strong>acceperit,</strong></span> <span class='ocrx_word' id='word_1_789' title='bbox 1090 5581 1233 5638; x_wconf 85' lang='lat' dir='ltr'><strong>tutissime</strong></span> <span class='ocrx_word' id='word_1_790' title='bbox 1258 5580 1386 5648; x_wconf 90' lang='lat' dir='ltr'><strong>deducit,</strong></span> <span class='ocrx_word' id='word_1_791' title='bbox 1402 5584 1431 5636; x_wconf 93' lang='lat' dir='ltr'><strong>et</strong></span> <span class='ocrx_word' id='word_1_792' title='bbox 1448 5583 1681 5653; x_wconf 87' lang='lat' dir='ltr'><strong>persecutionem</strong></span> <span class='ocrx_word' id='word_1_793' title='bbox 1703 5580 1836 5638; x_wconf 90' lang='lat' dir='ltr'><strong>omnium</strong></span> <span class='ocrx_word' id='word_1_794' title='bbox 1850 5596 1918 5654; x_wconf 80' lang='lat' dir='ltr'><strong>gre-</strong></span> 
     </span>
     <span class='ocr_line' id='line_1_62' title="bbox 205 5667 1919 5745; baseline -0.001 -16"><span class='ocrx_word' id='word_1_795' title='bbox 205 5671 293 5729; x_wconf 87' lang='lat' dir='ltr'><strong>sicnti</strong></span> <span class='ocrx_word' id='word_1_796' title='bbox 320 5673 397 5732; x_wconf 80' lang='lat' dir='ltr'><strong>Fasti</strong></span> <span class='ocrx_word' id='word_1_797' title='bbox 424 5672 534 5729; x_wconf 87' lang='lat' dir='ltr'><strong>habent</strong></span> <span class='ocrx_word' id='word_1_798' title='bbox 561 5669 611 5725; x_wconf 69' lang='lat'><strong>⁷8</strong></span> <span class='ocrx_word' id='word_1_799' title='bbox 634 5667 819 5744; x_wconf 79' lang='lat' dir='ltr'><strong>Consulares,</strong></span> <span class='ocrx_word' id='word_1_800' title='bbox 844 5669 1036 5728; x_wconf 75' lang='lat' dir='ltr'><strong>confirmatur</strong></span> <span class='ocrx_word' id='word_1_801' title='bbox 1089 5669 1326 5744; x_wconf 76' lang='lat' dir='ltr'><strong>vissimum,qaa</strong></span> <span class='ocrx_word' id='word_1_802' title='bbox 1342 5669 1587 5730; x_wconf 89' lang='lat' dir='ltr'><strong>diotaocossionc</strong></span> <span class='ocrx_word' id='word_1_803' title='bbox 1602 5669 1800 5745; x_wconf 76' lang='lat' dir='ltr'><strong>postiongsm</strong></span> <span class='ocrx_word' id='word_1_804' title='bbox 1815 5685 1919 5744; x_wconf 87' lang='lat' dir='ltr'><strong>passm</strong></span> 
     </span>
    </p>
   </div>
   <div class='ocr_carea' id='block_1_12' title="bbox 0 0 2082 6194">
    <p class='ocr_par' dir='ltr' id='par_1_13' title="bbox 0 0 2082 6194">
     <span class='ocr_line' id='line_1_63' title="bbox 0 0 2082 6194; baseline 0 0"><span class='ocrx_word' id='word_1_805' title='bbox 0 0 2082 6194; x_wconf 95' lang='lat' dir='ltr'><strong> </strong></span> 
     </span>
    </p>
   </div>
  </div>
 </body>
</html>
