4096 6180
119 293 180 353 837
484 291 523 357 lu
544 292 850 356 seotocdrtddlt
872 294 909 354 D.
931 293 982 356 hu
1003 294 1167 364 nodus?
1189 298 1459 369 nisscehem.
1507 350 1513 360 ·
1764 313 1825 379 838

134 422 284 480 *Primum
299 422 399 498 itaque
412 423 538 480 ethnicis
552 424 623 480 vitio
644 426 742 494 vertit,
775 426 852 498 qnod
881 425 939 482 im·
955 425 1213 504 Aperditosmap.
1230 434 1269 506 5).
1297 435 1401 494 Vesom
1427 438 1468 510 hi,
1497 440 1593 515 inquit
1604 443 1825 516 Tertullianus,

115 512 252 586 placabili
267 513 334 569 odio
349 513 530 572 Christianos
546 520 805 588 persequerentur,
822 515 943 572 tametsi
1001 518 1086 588 pauci
1104 519 1262 579 admodum
1289 531 1387 597 erant;
1406 529 1457 601 qui
1486 530 1618 604 quidem,
1648 535 1725 591 sicut
1749 536 1825 594 neri

115 603 165 674 qui
180 601 319 675 qualesve
345 601 406 658 sint
424 604 545 675 penitus
574 603 756 676 ignorarent,
787 621 840 661 neo
873 605 947 662 scire
1001 607 1140 679 corporis,
1156 609 1197 667 ita
1212 619 1296 669 seete
1312 631 1371 672 sue
1387 619 1581 676 ostendebant
1608 625 1823 693 praestantiam.
1889 666 1893 680 ,

118 707 251 763 unquam
265 691 422 747 voluerint.
439 691 493 747 Ubi
510 691 639 764 primum
655 692 811 750 enimillos
824 709 947 764 agnove-
1000 693 1173 770 Quicunque
1188 717 1273 772 porro
1287 705 1316 759 et
1329 710 1473 777 quotquot
1487 706 1529 762 illi
1558 709 1668 767 luerint
1691 712 1733 779 hi,
1763 731 1822 770 non

117 785 197 848 rant,
236 778 336 836 statim
366 779 540 836 desinebant
569 782 677 854 odisse,
690 781 947 854 christianamque
1000 799 1086 842 secus
1101 803 1134 842 sc
1149 788 1316 864 philosophi
1333 799 1441 852 sectam
1453 797 1823 870 suamilaqitiisiniaman·

119 868 294 943 religionem
310 870 388 926 ultro
404 869 669 942 amplectebantur.
691 872 790 938 Neque
805 873 834 928 id
847 873 945 946 negari
999 878 1055 943 tes,
1072 882 1156 933 erant
1172 880 1228 936 reri
1244 881 1418 956 desertores,
1436 887 1656 948 nominetenus
1680 891 1823 952 Christia-

119 959 341 1032 potsrat,qucd
373 956 522 1016 clamabat
552 959 725 1032 quotidiana
749 961 882 1034 ipsorum
911 963 947 1017 de
1000 964 1041 1034 ni,
1057 964 1116 1022 imo
1132 965 1185 1024 hoc
1201 967 1315 1044 indigni
1331 973 1459 1031 nomine.

114 1046 314 1119 multiplicato
337 1046 572 1105 Christianorum
597 1065 721 1107 numero
751 1049 944 1122 querimonia.
1035 1070 1322 1148 p,30b,npgenffleg
1342 1085 1452 1138 sectam

112 1136 179 1192 Non
196 1135 270 1192 sinit
282 1140 382 1192 antem
399 1141 510 1194 Auctor
525 1137 691 1195 nostersibi
707 1139 794 1210 objici
823 1137 889 1210 hos,
914 1143 947 1195 ut
1000 1160 1109 1218 malam
1137 1179 1212 1231 0530,
1242 1170 1343 1238 utpote
1370 1185 1435 1240 qum
1464 1171 1674 1243 imperatorum
1706 1175 1822 1248 legibus

113 1223 177 1282 lieri
193 1223 944 1294 aliqnandosolet,inmalnmconversos.Nullam
1000 1249 1140 1307 damnat,
1168 1253 1208 1309 sit
1231 1259 1305 1327 (cap.
1334 1257 1371 1328 6)Ι
1402 1264 1553 1316 monne
1576 1263 1823 1335 effidemdegerit

116 1313 230 1386 quippe
252 1312 323 1369 mali
362 1313 770 1372 1¹⁰issfflhflb020hli⁸fiffl¹ffi
797 1313 945 1386 religionis
999 1338 1107 1394 Auctor
1135 1347 1253 1410 noster,
1281 1344 1492 1417 imperatorum
1522 1346 1707 1424 aliorumque
1734 1353 1822 1422 iustas

116 1404 274 1477 Pf⁰f0⁸⁸i⁰s
291 1405 375 1475 ⁰⁰1¹}ss
387 1404 535 1462 nimium
551 1410 603 1462 lui
617 1405 707 1477 pudet
734 1410 785 1462 ⁸¹¹2
812 1406 944 1479 lloensteh
999 1424 1078 1499 leges
1089 1431 1410 1491 statueruntnaminem
1422 1452 1552 1509 unquam
1564 1440 1821 1499 condemnandum

114 1509 149 1548 8⁰
165 1493 205 1548 (¹⁰
221 1509 279 1565 (Ιῑῑἃ
294 1508 396 1550 ⁰¹1²¹¹0⁸
424 1493 554 1566 gandent
583 1497 612 1550 0²
638 1493 801 1568 Sl⁰li⁸¹¹²¹¹l
828 1495 903 1567 (ilb-
920 1512 940 1550 ¹·
998 1517 1055 1574 nisi
1075 1520 1157 1593 prius
1185 1522 1318 1580 criminis
1344 1524 1470 1598 alicujus
1497 1528 1537 1584 sit
1560 1529 1616 1584 rite
1644 1531 1821 1590 convictus?

116 1599 187 1656 cap.
204 1583 242 1653 l).
998 1610 1055 1663 Gur
1082 1625 1151 1682 ergo
1178 1611 1287 1669 ethnici
1325 1614 1506 1672 christianos
1539 1633 1592 1674 neo
1621 1620 1738 1686 auditos
1768 1637 1821 1678 nec

151 1688 184 1746 Si
202 1705 262 1760 qua
275 1703 342 1744 vero
357 1688 483 1746 luissent
496 1687 730 1746 Christianorum
746 1688 882 1756 crimina,
908 1689 944 1746 &d
999 1699 1147 1756 convictos
1175 1703 1442 1760 condemnabant?
1470 1706 1571 1763 Nonne
1607 1707 1705 1780 plures
1731 1711 1819 1767 eiiam

114 1795 151 1835 aa
168 1778 273 1848 utique
287 1777 463 1834 declaranda
491 1777 557 1835 illos
584 1777 695 1836 ethnici
721 1779 884 1850 questione
912 1794 945 1833 tc
958 1800 983 1866 B
998 1786 1071 1843 data
1087 1790 1207 1845 suntab
1222 1793 1392 1848 eorumdem
1404 1794 1586 1852 ethnicorum
1601 1796 1819 1866 legislatoribus

113 1866 277 1922 tormentis
301 1881 405 1940 cogere
443 1867 599 1923 debebant.
628 1869 665 1922 At
690 1883 705 1923 e
734 1867 880 1923 contrario
907 1865 944 1922 iis
1000 1875 1821 1953 iniquissimae10305‚postmodumpmendffivqlqn.

116 1953 393 2011 nomensuumval
422 1960 527 2027 sponte
557 1955 744 2028 negantibus,
772 1955 816 2012 vel
839 1971 945 2029 negare
999 1963 1285 2040 tiquatcelbeniqne
1308 1969 1491 2041 inJuslalex,
1517 1973 1612 2044 qualis
1631 1974 1661 2030 in
1678 1974 1820 2032 Christia-

114 2043 230 2100 coactis
240 2043 395 2100 coelestim
420 2044 583 2112 credentes,
608 2045 692 2102 latori
717 2060 833 2118 quoquc
857 2044 943 2100 debe·
999 2068 1053 2110 nos
1067 2054 1127 2110 lata
1141 2055 1246 2128 suerat,
1262 2057 1376 2116 nullum
1393 2060 1484 2134 exigit
1504 2061 1645 2120 [mmm
1671 2068 1721 2121 aut
1735 2064 1820 2122 obse.

113 2130 272 2190 bantnihil
283 2131 352 2188 mali
361 2133 391 2189 in
399 2149 500 2188 corum
509 2132 648 2206 religione
656 2150 742 2207 posse
753 2133 944 2206 deprehendi.
999 2145 1116 2216 quium,

110 2223 183 2280 Suis
200 2229 341 2295 praeterea
350 2222 466 2296 legibus
480 2223 606 2295 quilibet
626 2225 742 2295 judicos
767 2225 944 2281 tenebantur
1036 2238 1092 2290 Neo
1107 2233 1216 2292 instare
1231 2241 1366 2309 poterant
1380 2239 1489 2296 ethnici
1499 2240 1578 2313 leges
1594 2241 1623 2296 in
1639 2242 1821 2299 Christianos

109 2312 290 2385 quorumvis
306 2312 464 2368 criminum
481 2329 545 2369 reos
558 2313 739 2387 interrogare
754 2330 829 2386 quae,
844 2313 943 2386 qualia
998 2323 1034 2379 ah
1050 2323 1086 2379 iis
1102 2325 1243 2397 sancitas,
1259 2325 1310 2398 qui
1326 2327 1443 2384 illorum
1458 2328 1582 2385 crimina
1603 2331 1752 2386 communi
1769 2348 1821 2402 po·

109 2408 138 2459 et
154 2400 344 2474 quantahec
368 2407 477 2470 essent,
509 2403 584 2461 756
609 2403 659 2476 qui
689 2419 791 2460 eorum
819 2403 890 2460 socii
915 2407 944 2458 et
997 2410 1246 2484 pulariquslsma
1270 2420 1483 2487 compererant.
1509 2421 1609 2472 Nonne
1635 2416 1713 2472 enim
1731 2418 1819 2487 lama,

111 2493 295 2562 receptores,
312 2507 345 2546 ao
359 2506 393 2546 ea
407 2492 525 2548 tandem
552 2491 583 2548 in
599 2491 707 2565 scripte
735 2491 942 2548 damnatorum
996 2499 1157 2557 latentibus
1171 2500 1276 2558 iisdem
1293 2502 1429 2574 ethnicis,
1441 2503 1552 2560 malurn
1569 2511 1615 2562 est
1629 2523 1687 2578 quo
1703 2505 1820 2563 nullum

109 2579 265 2637 sententia
281 2579 454 2637 nominatim
479 2580 642 2637 enuntiare.
669 2583 702 2637 at
726 2580 799 2636 nihil
829 2579 888 2636 tale
911 2580 942 2636 in
996 2589 1148 2646 velocius?
1170 2590 1226 2646 Sed
1249 2590 1300 2648 illa
1323 2593 1426 2649 tandiu
1451 2599 1566 2650 tantum
1592 2595 1673 2664 vivit,
1688 2595 1819 2667 quandiu

108 2667 354 2726 Christianorum
372 2669 560 2727 damnatione
583 2669 759 2738 lectitatum,
781 2686 833 2727 nec
861 2668 941 2725 aliud
996 2677 1118 2746 ineerta,
1143 2678 1261 2737 falsaet
1284 2683 1411 2738 mendax
1439 2686 1494 2739 ast,
1517 2681 1572 2738 Ubi
1600 2683 1679 2740 enim
1705 2700 1752 2741 ras
1774 2687 1820 2740 est

110 2774 221 2814 eorum
239 2759 387 2816 sententia
412 2759 647 2832 pronuntiatum,
671 2760 728 2816 nisi
743 2759 942 2817 Christianum
998 2772 1086 2838 certe,
1111 2768 1152 2824 ibi
1176 2769 1236 2826 hae
1258 2771 1337 2827 lama
1365 2771 1484 2828 desinit.
1508 2771 1711 2851 Investiganda
1727 2774 1819 2847 igitur

109 2846 942 2921 nomen.Solnmergonominisorimenerat;sedhoc
996 2855 1078 2913 illius
1106 2857 1186 2930 origo
1215 2869 1304 2930 atque
1332 2861 1559 2932 exspectandum
1597 2861 1669 2919 ibi
1702 2870 1817 2934 tempus,

109 2937 220 3009 ipsum
238 2953 344 2993 nomen
358 2937 431 2994 nihil
455 2939 626 3008 barbarum,
653 2939 829 3010 infaustum,
856 2938 941 2994 inho·
995 2945 1073 3017 quod
1088 2948 1309 3004 omnioreoelut.
1325 2949 1396 3012 Quis
1420 2955 1519 3005 aulem
1535 2950 1571 3005 ab
1595 2949 1659 3022 ipso
1675 2950 1816 3007 Christia-

107 3029 236 3082 nastnm
253 3029 348 3093 sonat,
366 3026 476 3083 sedvel
493 3028 672 3098 unctionem,
684 3028 728 3085 vel
750 3027 855 3084 sallem
870 3043 940 3083 sua·
997 3051 1038 3090 aa
1055 3034 1204 3108 religionis
1228 3037 1345 3092 exordio
1369 3037 1482 3108 objecta
1505 3039 1680 3095 Christiania
1696 3038 1816 3096 infanti·

107 3115 253 3181 vitatem,
264 3120 316 3170 aut
328 3114 501 3186 bonitatem,
517 3118 634 3189 quando
650 3117 686 3175 ab
702 3117 775 3190 ipsis
799 3116 939 3190 genlibus
997 3123 1083 3193 nidis,
1099 3123 1240 3193 incestus,
1252 3125 1367 3199 aliaque
1381 3126 1491 3182 scelera
1501 3126 1530 3182 in
1543 3144 1642 3184 eorum
1660 3129 1819 3201 synaxibus

106 3204 269 3260 chreslicni
284 3208 420 3277 corrupta
435 3206 616 3262 vocabantur
628 3205 704 3278 (cap.
719 3207 746 3274 2,
762 3207 801 3278 3).
955 3168 978 3239 c
997 3230 1128 3285 unquam
1154 3214 1357 3286 deprehendit,
1383 3216 1528 3288 patefecit,
1553 3217 1705 3288 prodidit?
1728 3221 1819 3274 Num·

143 3314 188 3364 At
208 3309 242 3365 hi
256 3309 343 3381 plane
358 3309 553 3383 desipiebant,
570 3313 620 3385 qui
636 3311 697 3368 solo
726 3311 855 3369 auctoris
884 3329 939 3368 no·
997 3301 1068 3373 quid
1084 3301 1204 3373 ipsimet
1218 3302 1469 3360 Christiani?Sed
1494 3321 1611 3361 summo
1628 3303 1745 3361 silentio
1766 3321 1822 3362 sue

104 3399 195 3454 mine
211 3400 324 3454 sectam
340 3398 574 3456 Christianorum
589 3416 620 3456 se
631 3401 728 3457 odisse
743 3402 945 3458 causabantur
998 3390 1137 3464 misleliss
1164 3393 1314 3464 tegebant,
1343 3408 1396 3450 ¹1⁰⁰
1426 3397 1560 3465 poterant
1587 3399 1647 3450 tam
1677 3393 1823 3450 h0ll⁰nd⁸

102 3489 187 3559 (sap,
206 3486 245 3559 4),
257 3485 321 3542 Non
337 3487 416 3543 enim
429 3485 606 3553 platonicos,
632 3492 684 3545 aut
703 3488 943 3562 phythagorae00‚
998 3479 1133 3545 crimina,
1149 3480 1175 3536 si
1199 3479 1317 3536 illorum
1342 3481 1452 3538 conscii
1481 3481 1617 3551 luissent,
1634 3482 1698 3538 sine
1717 3483 1822 3554 capitis

102 3577 142 3632 ob
158 3574 312 3646 Platonis,
328 3580 378 3631 aut
388 3574 609 3649 Pythahegorse‚
623 3593 676 3633 nac
687 3576 862 3633 medicosob
872 3581 943 3634 Era·
998 3567 1129 3641 pericul0
1145 3569 1276 3641 prodere·
1292 3568 1441 3642 Numquid
1458 3569 1607 3643 gentiles?
1623 3571 1745 3628 Minime
1757 3571 1821 3644 qui-

104 3663 245 3731 sistrati,
275 3681 327 3720 nec
350 3666 561 3738 grammaticos
586 3666 623 3724 ob
651 3665 811 3722 Aristmchi
836 3683 943 3722 nomen
997 3660 1076 3714 dem.
1093 3659 1232 3724 Quamvis
1246 3659 1324 3715 enim
1341 3659 1565 3717 Christianosin
1581 3660 1644 3718 suis
1660 3661 1822 3735 synaxibus

103 3755 251 3811 oderant.
279 3752 350 3817 Quis
370 3755 460 3811 etiam
489 3755 600 3811 nesciat
628 3755 710 3811 naias
740 3755 943 3824 esselffseclam
998 3745 1323 3821 quotidioobsiderenb
1346 3764 1433 3804 nemo
1458 3752 1558 3806 lumen
1575 3748 1636 3806 haeo
1662 3749 1822 3822 deprehen·

104 3843 249 3916 aliquam
264 3842 331 3899 odio
345 3842 454 3900 habere
469 3843 537 3912 nisi,
555 3843 625 3916 quid
641 3843 669 3899 in
686 3859 720 3900 aa
735 3843 801 3901 odio
820 3844 943 3916 dignum
997 3834 1087 3904 disse,
1103 3851 1156 3892 nec
1182 3835 1261 3892 ullus
1287 3837 1468 3892 domesticus
1487 3838 1581 3910 pretio
1606 3845 1772 3911 corruptus,
1791 3855 1823 3895 se

103 3933 157 3996 sit,
176 3931 469 3988 anteaedvertatnr?
485 3931 599 3988 lithnici
615 3937 714 3989 tamen
730 3947 783 3988 nec
796 3931 942 4001 ‚christia
998 3928 1049 3980 aut
1075 3924 1204 3992 vidisse,
1233 3930 1284 3980 aul
1309 3923 1450 3981 velavisse
1485 3943 1617 3999 unquam
1645 3928 1822 3984 testificatus

106 4037 184 4078 nam
214 4023 339 4088 sectam,
369 4035 422 4075 nec
441 4021 506 4091 ejus
530 4025 679 4077 auctorem
710 4024 861 4087 noverant,
889 4037 942 4076 nec
997 4017 1056 4070 efli-

100 4108 255 4166 volebant
264 4123 449 4178 cognoscere.
467 4109 510 4165 Ad
525 4109 586 4164 hee
599 4126 679 4179 vero,
704 4126 755 4181 per
770 4109 852 4181 ipsos
878 4109 940 4166 cui·
1032 4105 1175 4164 Praeterea
1189 4103 1348 4160 Christiani
1360 4103 1558 4162 caelatoribus
1573 4106 1635 4162 suis
1650 4105 1728 4178 leges
1743 4103 1821 4160 Chri-

101 4196 185 4253 libet
199 4195 322 4252 ethnico
334 4195 451 4267 licebat,
466 4213 553 4268 quam
571 4197 658 4255 vellet
687 4198 942 4272 philosophorum,
997 4193 1036 4249 sti
1061 4193 1163 4250 sedulo
1191 4193 1415 4250 observantibus
1445 4193 1659 4266 pollicebantur
1682 4198 1821 4250 aeternam

97 4285 230 4343 tametsi
260 4283 426 4358 reipublice
458 4303 490 4342 ac
521 4287 704 4360 principibus
745 4288 941 4356 infensorum,
996 4281 1299 4350 felicitatemhtdio,
1325 4297 1435 4354 queso,
1454 4288 1552 4339 utrum
1578 4300 1634 4340 non
1655 4285 1824 4355 insanope-

101 4379 226 4431 sectam
244 4373 390 4444 amplecti.
417 4375 471 4430 llos
496 4391 614 4450 quoque
642 4377 720 4434 solos
749 4377 941 4450 philosophos
996 4371 1205 4429 nitushomini
1230 4371 1369 4429 credibile
1397 4372 1449 4428 fiai
1470 4372 1550 4428 illam
1580 4372 1822 4444 aliquandopro*

1475 1081 1708 1142 Christianorum
1725 1104 1823 1144 revere

101 4464 264 4520 vexabant
278 4462 327 4534 qui
343 4464 495 4520 veritatem
519 4481 554 4521 ex
573 4471 654 4537 parte
670 4465 820 4536 docentes,
840 4483 942 4539 asper·
997 4462 1121 4518 missam
1137 4461 1229 4516 luisse
1240 4461 1288 4524 iis,
1298 4461 1348 4531 qui
1359 4465 1441 4516 tanta
1456 4459 1565 4516 seelera
1581 4460 1823 4532 perpetrassent?

100 4554 266 4608 nubantur
276 4549 394 4608 illorum
411 4553 493 4609 deos.
512 4555 554 4609 lta
570 4569 641 4609 sane
656 4553 805 4610 Socratem
821 4555 941 4612 damna.
957 4538 980 4604 D
996 4549 1086 4607 Nemo
1096 4553 1186 4606 etiam
1197 4548 1327 4622 gentilis,
1339 4548 1381 4604 vel
1394 4548 1515 4604 minimo
1526 4548 1720 4605 humanitatis
1732 4565 1821 4605 sensu

99 4645 232 4706 verunt,
250 4655 422 4712 quanquam
436 4641 581 4714 Apollinis
608 4642 726 4699 oraculo
756 4645 942 4700 renuntiatus
999 4639 1150 4713 praeditus,
1180 4656 1214 4695 ea
1244 4642 1410 4710 perpetrare
1426 4653 1517 4694 ausus
1548 4654 1678 4710 unquam
1708 4637 1814 4695 luisset

100 4730 221 4786 inisset
239 4727 408 4784 mortalium
438 4732 571 4786 omnium
600 4731 852 4802 sapientissimae.
879 4733 943 4788 Non
998 4735 1073 4803 Ergo
1089 4745 1142 4786 nec
1158 4727 1210 4784 ulli
1235 4726 1405 4792 Christiani,
1422 4742 1547 4798 quorum
1569 4728 1670 4783 eadem
1689 4743 1722 4783 ac
1737 4733 1823 4783 caete·

99 4819 225 4874 mirum
241 4815 343 4889 itaquo
358 4815 383 4873 si
399 4815 517 4874 illorum
533 4818 563 4873 in
578 4818 762 4878 Christianos
777 4821 877 4878 odium
894 4837 942 4877 ve·
999 4834 1099 4874 rorum
1119 4816 1272 4874 hominum
1285 4819 1400 4880 natura,
1413 4831 1466 4870 nec
1477 4817 1658 4889 Cynopennae
1673 4820 1823 4885 erant,neo

100 4909 184 4962 ritas
206 4907 365 4978 pepererit.
381 4907 434 4962 Sed
451 4907 525 4978 vide,
543 4924 653 4979 queso,
683 4926 740 4980 quo
769 4909 944 4967 insanientis
1000 4907 1168 4977 Sciapodas,
1184 4920 1237 4961 nec
1253 4901 1406 4974 antipodes
1422 4903 1497 4975 (cup.
1513 4904 1552 4976 7).

99 4994 210 5052 animi
240 4995 347 5050 lurore.
376 4995 555 5052 l'atebantur
591 5013 641 5052 eos
671 5014 773 5054 omnes
809 4997 945 5055 meliores
1033 4995 1103 5060 Quis
1117 4999 1213 5050 eutem
1241 5008 1299 5048 non
1328 4992 1422 5047 rident
1449 4993 1593 5059 ethnicos,
1624 4993 1673 5066 qui
1696 4993 1820 5052 ridiculo

100 5086 222 5149 laetos,
240 5083 292 5154 qui
308 5086 422 5155 eiurato
439 5087 580 5141 laieorum
597 5086 721 5143 deorum
747 5087 840 5150 cultu,
853 5103 941 5144 suum
1001 5082 1094 5158 pueri,
1110 5099 1128 5138 a
1144 5086 1247 5137 mutua
1270 5079 1383 5136 nutrice
1407 5081 1533 5149 educati,
1565 5083 1720 5155 primoque
1741 5083 1822 5140 vocis

102 5173 265 5234 dederant
280 5170 454 5229 Christiane
469 5172 606 5246 religioni
622 5191 739 5232 nomen.
756 5175 812 5232 Sed
828 5177 857 5232 in
880 5175 945 5232 illos
1001 5191 1072 5231 sono
1100 5169 1206 5246 βένκοις
1235 5169 1475 5243 pronuntiantis,
1506 5177 1673 5229 commento
1701 5173 1825 5247 probare

99 5263 164 5319 hoc
182 5261 253 5317 solo
269 5263 389 5318 nomine
410 5261 559 5319 crudelius
575 5263 743 5333 seviebant,
759 5281 868 5338 eosque
893 5282 942 5322 no·
1001 5262 1219 5319 contendebant
1241 5259 1423 5316 Christianos
1450 5259 1613 5333 Phrygibus
1633 5263 1759 5335 aliisque
1775 5279 1824 5318 na-

101 5357 220 5408 oentes
234 5353 264 5405 ct
279 5348 436 5406 sceleratos
452 5365 518 5406 essa
533 5351 683 5408 malebant
697 5369 785 5425 quem
805 5351 945 5411 Christia-
1000 5349 1131 5407 tionibus
1147 5365 1211 5406 esse
1227 5347 1426 5421 posteriores?
1442 5347 1512 5414 Quis
1527 5349 1605 5404 enim
1618 5351 1731 5407 nesciat
1745 5351 1825 5406 Chri·

102 5457 179 5497 nos.
1002 5442 1128 5499 stianam
1145 5448 1273 5514 gentem,
1289 5455 1353 5511 qua
1369 5455 1386 5494 a
1410 5439 1425 5495 J
1431 5439 1520 5496 udaie
1536 5445 1635 5498 ortum
1652 5443 1745 5511 duxit,
1760 5457 1824 5498 esse

144 5531 266 5586 Contra
290 5530 388 5584 tamen
403 5527 582 5601 objiciebant
605 5529 714 5588 ethnici
739 5532 884 5604 quosdam
912 5549 947 5589 cx
1003 5531 1113 5589 calaris
1128 5525 1349 5602 antiquiorem?
1374 5527 1511 5594 Quamvis
1532 5535 1630 5588 autem
1648 5528 1714 5587 eliis
1729 5544 1825 5584 recen·

103 5613 297 5678 Christianis
311 5617 459 5690 pessimos
473 5635 549 5692 esse,
565 5636 598 5677 ac
625 5620 705 5678 vitiis
727 5620 947 5694 sceleribusque
1001 5621 1059 5680 tior
1072 5621 1156 5693 loret,
1172 5617 1259 5676 tertia
1275 5621 1374 5675 tamen
1396 5624 1465 5690 post
1488 5622 1602 5677 Grecos
1623 5624 1652 5675 et
1675 5617 1822 5676 Romanos
