4152 6192
699 340 816 402 niune
838 340 865 402 11
888 342 939 402 nu
961 342 1091 407 CULTU
1116 343 1365 408 FEMINARUM.

712 646 877 734 LIBER
913 646 1218 738 SECUNDUS
1232 638 1257 674 ⁶⁶
1274 636 1348 738 (³⁹).

217 971 316 1028 mli
332 969 554 1029 monumen.
570 1002 604 1014 -
619 973 753 1044 lljuedem
777 990 851 1046 pene
872 977 1033 1048 argumenti
1058 982 1099 1034 est
1119 975 1192 1034 liber
1214 977 1268 1034 iste
1293 993 1360 1034 cum
1385 975 1568 1050 precedenti,
1594 977 1781 1046 preterquam
1810 971 1886 1044 quod

178 1058 226 1116 bio
241 1074 340 1117 curem
356 1059 454 1132 capilli
468 1067 496 1118 ot
510 1061 585 1120 cutis
599 1063 690 1134 magis
712 1063 892 1135 peculiariter
906 1065 1047 1137 reprobet.
1063 1067 1085 1123 l.
1103 1066 1269 1124 Pudicitiam
1285 1082 1346 1139 quoe
1359 1065 1479 1123 ancillas
1503 1064 1555 1121 Dei
1576 1063 1666 1134 dccet,
1685 1066 1715 1119 ut
1739 1059 1885 1133 spentili-

178 1145 386 1218 bnsditlerent‚
419 1154 505 1206 tutem
535 1165 597 1208 esse
618 1151 699 1208 docet
723 1152 753 1209 in
777 1153 903 1225 simplici
925 1154 1074 1213 munditia.
1104 1170 1130 1213 c.
1147 1157 1176 1214 1.
1195 1155 1377 1212 listudium
1394 1155 1523 1227 placendi
1541 1159 1738 1225 perornatum
1763 1148 1886 1208 nimium
1976 1153 1983 1166 “

179 1235 386 1294 tentationibus
401 1236 475 1294 rtem
489 1239 601 1310 aperire
614 1246 643 1297 et
656 1241 862 1311 spectatoribus
887 1258 951 1300 sese
975 1242 1110 1315 periculo.
1135 1259 1161 1302 c.
1176 1245 1204 1300 2.
1220 1244 1269 1301 lli.
1288 1244 1350 1304 Non
1364 1244 1397 1300 in
1411 1258 1499 1301 carue
1513 1241 1708 1314 gloriandum,
1736 1239 1793 1296 uisi
1819 1254 1885 1296 oum

177 1329 291 1396 propter
306 1325 450 1382 Christum
467 1326 588 1383 lacerate
602 1330 743 1386 duraverit
759 1335 791 1386 ut
814 1331 845 1388 in
860 1346 894 1388 ee
915 1332 1031 1403 spiritns
1056 1339 1218 1390 coronetur.
1242 1347 1266 1388 c.
1291 1333 1317 1388 3.
1335 1333 1379 1389 rv.
1395 1329 1484 1388 niddi
1500 1330 1600 1387 merito
1615 1327 1736 1386 sormam
1754 1343 1812 1384 non
1826 1325 1887 1384 lore

176 1412 374 1484 speciabilem,
390 1414 500 1472 infideli
515 1425 685 1488 suspectam.
701 1435 727 1475 c.
743 1419 770 1474 4.
785 1419 819 1474 V.
838 1421 925 1476 Deum
941 1436 1007 1479 vero
1021 1421 1158 1478 artificem
1174 1421 1342 1492 reprehendi
1358 1419 1392 1476 eb
1407 1422 1442 1477 iis
1457 1421 1504 1491 qui
1531 1427 1623 1475 cutem
1649 1416 1887 1473 medicaminibus

178 1508 300 1570 ungunt,
317 1518 404 1574 genes
416 1502 572 1572 maculant,
588 1505 685 1563 oculos
700 1507 851 1565 collinunt.
867 1525 893 1566 c.
908 1511 936 1565 5.
954 1509 998 1567 ill.
1015 1509 1089 1567 Male
1102 1510 1158 1567 sibi
1172 1510 1323 1582 auspicari,
1339 1507 1552 1581 perniciemque
1575 1521 1717 1564 reservare
1742 1519 1788 1561 eae
1811 1517 1882 1575 que,

176 1588 219 1644 uti
233 1591 380 1646 Germane
396 1591 539 1662 sedulle,
554 1594 788 1664 capillumcroco
805 1600 926 1666 vertunt,
943 1596 987 1654 rel
1002 1597 1180 1655 colemistros
1193 1598 1280 1656 alieni
1295 1597 1395 1668 cepitis
1418 1601 1547 1654 assuunt.
1563 1611 1589 1652 c.
1605 1595 1623 1650 6
1645 1595 1673 1649 8.
1697 1593 1755 1650 illl.
1778 1595 1842 1648 Non
1866 1607 1882 1646 a

176 1675 247 1745 Deo,
264 1678 313 1736 sed
329 1679 366 1736 ab
380 1680 491 1752 angelis
506 1683 699 1753 peccatoribus
713 1700 774 1742 osse
788 1686 911 1744 restium
924 1688 1043 1755 colores,
1059 1687 1176 1758 eurique
1189 1693 1313 1759 operest
1327 1684 1449 1758 lapillos.
1464 1701 1489 1742 o.
1505 1683 1523 1740 9
1542 1683 1586 1738 tt.
1601 1682 1677 1739 Vlll.
1691 1682 1751 1738 Imo
1776 1678 1882 1738 tenoci-

175 1765 224 1822 uie
238 1765 338 1824 lormae
353 1783 419 1824 oum
433 1770 603 1840 corporibus
616 1773 775 1843 prostitutis
789 1774 943 1845 conjuncte
957 1790 1019 1832 esse
1033 1791 1067 1832 ex
1082 1776 1228 1846 Scriptura
1242 1780 1381 1832 constare.
1397 1788 1422 1832 c.
1438 1773 1484 1829 42.
1502 1771 1546 1828 lli.
1564 1771 1692 1841 Denique
1713 1770 1808 1826 lucore
1829 1766 1880 1822 dc·

178 1853 245 1912 bere
260 1871 346 1927 opera
361 1872 469 1925 earum,
485 1858 676 1917 discutiendus
691 1861 806 1920 delicies
818 1863 920 1936 quibus
935 1863 1001 1921 fidei
1016 1863 1105 1920 virtue
1119 1864 1277 1922 effeminari
1292 1866 1394 1935 potest,
1419 1877 1484 1919 eum
1507 1868 1634 1932 tempore
1654 1857 1883 1916 Christianorum

176 1947 245 2000 tunc
263 1943 306 2002 vet
322 1945 448 2003 menime
462 1945 536 2004 terro
550 1947 782 2021 transigerentur.
892 1952 960 2009 don.
976 1969 1010 2010 ex
1024 1953 1162 2010 Psmclio.

444 2240 560 2299 ilePll'l'
581 2243 734 2301 PRIMUM.
1019 2245 1212 2318 APlernqne
1226 2246 1316 2317 enim,
1333 2244 1412 2317 quod
1422 2243 1522 2318 ipsum
1547 2241 1619 2300 mihi
1648 2239 1750 2312 utique
1774 2237 1886 2312 [repre-

211 2326 332 2384 Anolile
349 2327 398 2385 Dei
411 2327 477 2401 vivi,
494 2347 638 2389 conserve
653 2338 682 2390 et
696 2349 812 2391 sorores
835 2350 918 2404 mee,
942 2351 1000 2407 quo
1018 2343 1021 2348 '
1055 2335 1212 2392 hendendo
1233 2335 1263 2391 iu
1278 2333 1428 2405 omnibus]
1444 2331 1657 2406 reprehendere
1670 2329 1747 2386 Deus
1763 2328 1885 2401 permit·

174 2417 281 2473 1810
292 2417 360 2489 J'ure
373 2418 498 2493 deputor
511 2420 674 2492 vobiscum,
690 2423 1001 2498 postremissimustld)
1054 2427 1105 2492 tet,
1124 2427 1175 2481 eut
1189 2424 1359 2497 ignorantes
1373 2421 1547 2496 simpliciter
1576 2424 1627 2476 ent
1655 2416 1880 2474 dissimulantes

175 2505 311 2577 equidem
324 2523 388 2564 meu
401 2508 467 2578 iura
481 2509 649 2566 conservitii
664 2512 1000 2581 eilraternitatie‚sudoo
1054 2507 1578 2585 audacteriteingrediuntur‚qussi
1594 2505 1735 2581 pudicitie
1760 2505 1790 2560 in
1820 2502 1883 2560 sole

175 2594 279 2652 advos
304 2595 398 2654 iecere
422 2599 635 2669 sermonemii,
665 2617 724 2658 non
755 2603 857 2676 utique
885 2603 999 2660 etieote-
1055 2599 1151 2657 cernis
1167 2600 1335 2673 integritate
1350 2604 1379 2655 ct
1390 2597 1485 2672 stupri
1501 2596 1651 2654 eversione
1664 2593 1881 2661 consistat,neo

174 2683 274 2754 tionis,
290 2685 342 2740 sed
367 2685 513 2743 affectioni
529 2703 689 2760 procurans
714 2689 744 2746 in
769 2708 876 2748 censes
898 2699 1000 2748 vestrre
1054 2690 1217 2763 quidquem
1228 2689 1406 2746 intrinsecus
1417 2703 1491 2760 opus
1502 2686 1590 2757 eit,de
1601 2683 1699 2741 cultus
1715 2685 1744 2738 et
1759 2685 1881 2738 ornatus

173 2770 290 2829 salutis.
306 2771 345 2830 de
360 2771 441 2830 selus
455 2791 508 2832 nec
527 2777 702 2834 seminarum
719 2780 816 2850 modo,
833 2780 884 2836 sed
912 2781 999 2837 etiem
1053 2779 1256 2852 dispositione.
1272 2779 1326 2836 Sed
1347 2777 1425 2834 enim
1441 2779 1629 2848 perseverent
1644 2774 1673 2829 in
1699 2769 1833 2844 pristinis
1858 2770 1881 2806 ⁵¹

175 2860 316 2930 virorum,
333 2861 361 2917 iu
382 2862 561 2920 exhibitione
585 2866 732 2938 precipue
758 2867 907 2940 pudicitie
937 2873 1000 2924 ete-
1053 2866 1161 2925 studiis
1176 2867 1276 2924 tormse
1296 2869 1325 2923 et
1350 2865 1464 2932 nitoris,
1487 2864 1621 2921 camdem
1645 2861 1692 2920 eui
1716 2858 1844 2933 speciem
1860 2860 1883 2896 ⁸⁰

175 2953 240 3005 tutu
254 2953 309 3006 eet.
326 2949 400 3006 Nem
416 2967 483 3008 cum
499 2969 601 3010 omues
617 2956 760 3028 templum
776 2956 826 3012 Dei
847 2957 952 3030 simus,
964 2957 1000 3013 il·
1054 2957 1394 3028 circumferentes‚quem
1412 2953 1528 3011 leminea
1543 2953 1696 3009 nationum
1712 2949 1803 3020 (43),ιι
1817 2947 1881 3018 qui·

173 3037 233 3095 lato
249 3038 279 3094 iu
296 3055 351 3096 uos
364 3048 394 3097 et
406 3046 577 3098 consecrato
592 3042 703 3114 Spicitu
717 3049 830 3114 sancto,
846 3046 912 3117 ejus
926 3051 999 3102 tcm-
1054 3047 1110 3104 bus
1124 3048 1207 3104 sbeet
1220 3045 1399 3103 conscientie
1413 3061 1486 3101 verso
1499 3039 1732 3117 pudicitiae‚quie
1744 3037 1818 3108 nibil
1833 3052 1880 3094 re·

176 3125 219 3199 pli
229 3126 356 3185 edituus
370 3132 400 3186 et
414 3129 537 3187 antistes
551 3131 573 3166 ⁵⁸
589 3131 731 3204 pudicitie
744 3136 806 3203 ost,
836 3151 900 3207 ques
925 3133 999 3192 nibil
1053 3152 1120 3194 runt
1135 3135 1165 3191 in
1180 3135 1238 3208 hie,
1255 3134 1305 3208 qui
1321 3139 1412 3190 Deum
1426 3132 1562 3190 nesciunt
1575 3130 1730 3204 presidem
1757 3130 1787 3184 et
1815 3142 1879 3184 rne-

178 3214 369 3273 immundum
398 3233 451 3274 nec
478 3218 818 3294 proieuum(il)inierri
846 3223 934 3292 sinat,
963 3241 999 3282 ue
1053 3225 1179 3300 gistrum
1195 3223 1416 3282 reritntie.Nsm
1432 3222 1488 3278 etsi
1504 3238 1562 3294 qne
1576 3220 1607 3276 in
1617 3217 1778 3294 gentilibus
1788 3215 1875 3289 pudi-

178 3305 255 3362 Deus
283 3303 344 3378 ille,
362 3307 413 3379 qui
439 3307 599 3379 inhabitet,
617 3310 804 3382 inquinatam
828 3313 943 3369 sedem·
956 3313 998 3370 ol·
1053 3313 1215 3371 citiaorcdi
1230 3315 1337 3385 potest,
1353 3312 1534 3384 usqueadeo
1549 3325 1615 3366 eern
1630 3305 1832 3379 imperleotem
1849 3307 1878 3360 et

176 3393 278 3450 leneus
295 3395 488 3468 derelinquet.
502 3399 557 3455 Sed
569 3399 656 3456 modo
668 3415 721 3456 noe
736 3417 795 3456 non
824 3401 860 3457 de
886 3401 999 3473 pudici·
1053 3400 1235 3460 inconditam
1251 3403 1377 3470 constet,
1392 3403 1425 3456 ut
1438 3399 1506 3456 licet
1517 3397 1547 3453 iu
1563 3397 1661 3454 enimc
1687 3393 1875 3466 aliquetenus

173 3481 278 3550 tie,cni
293 3481 455 3541 indicendo
466 3489 495 3542 et
508 3486 874 3560 exigendaetffllsutdcinnt
885 3491 999 3549 iustae·
1052 3495 1141 3548 mnan
1153 3489 1198 3547 eui
1214 3493 1293 3564 egat,
1306 3489 1336 3546 iu
1349 3489 1468 3546 habitus
1485 3493 1584 3544 temen
1600 3482 1718 3541 licentis
1733 3497 1797 3539 sese
1812 3479 1873 3535 dis·

175 3570 217 3628 tie
238 3570 347 3644 ubique
372 3572 757 3650 diuineprsooepte,rerum
785 3579 822 3635 ds
850 3581 999 3652 pertinen·
1053 3581 1148 3639 solvet
1160 3580 1229 3650 (44),
1245 3578 1491 3652 properversitete
1507 3576 1608 3632 1811
1641 3569 1797 3646 gentilium
1820 3585 1874 3641 ep·

177 3659 260 3718 tibus
274 3663 310 3718 ad
324 3662 430 3732 esm,id
445 3667 491 3722 eet
505 3665 631 3738 qualitor
643 3682 696 3724 roe
706 3667 840 3724 incedere
855 3674 998 3742 oportent.
1054 3671 1178 3744 petendo
1192 3670 1227 3743 ⁰¹,
1243 3668 1329 3741 cujus
1344 3667 1398 3740 rei,
1414 3666 1523 3724 devitet
1541 3665 1689 3722 effectum.
1714 3663 1807 3728 Quota
1825 3658 1875 3714 de·

896 3804 998 3866 Varie
1020 3803 1179 3866 lectiones.

214 3901 237 3938 ⁸⁶
254 3903 340 3978 Hujus
354 3903 437 3961 tibris
448 3905 486 3964 tot
497 3905 577 3962 toric
595 3906 716 3978 Ripattto
728 3923 763 3964 ex
775 3911 940 3966 auctoritaie
957 3915 1018 3968 cod.
1033 3911 1115 3983 Apol.
1132 3909 1233 3966 mutati
1250 3917 1325 3980 sunt,
1340 3914 1371 3963 ut
1385 3906 1514 3962 umectat·
1526 3905 1578 3962 iste
1591 3921 1676 3978 prope
1689 3919 1774 3960 novus
1791 3901 1886 3986 sactus

178 3988 245 4030 esse.
263 3974 328 4032 inde
342 3976 372 4032 in
389 3992 462 4050 sopp.
476 3978 650 4052 precipuum
664 3981 810 4051 scripture
825 3983 988 4039 varietatene
1003 3985 1046 4039 ita
1060 3983 1268 4051 annotavimus,
1284 3979 1441 4048 utltiputtin
1456 3991 1557 4033 novam
1567 3978 1751 4032 recensionem
1777 3972 1883 4054 trebue-

178 4061 281 4102 remus.
310 4047 426 4104 Semteri
449 4050 560 4108 nomine
584 4051 751 4122 scripturam
774 4055 910 4125 receptam
934 4056 1129 4111 indiceremus.
1144 4053 1284 4108 lucroso.
1321 4047 1440 4105 ''Semt
1454 4047 1710 4122 postremissimus
1738 4057 1883 4113 omnium,

180 4117 888 4192 quidemoojure-adnosverboieterecere,
910 4143 967 4182 non
984 4127 1085 4197 utique
1108 4122 1285 4208 allectetioni
1305 4123 1378 4194 (llio.
1401 4119 1574 4192 effectionis)
1604 4119 1735 4188 sed‚etc.
1772 4115 1794 4150 ⁸⁸
1823 4115 1883 4185 lira.

180 4189 288 4246 editus
302 4195 330 4247 et
344 4192 487 4249 antistite.
524 4191 547 4228 ⁸⁸
561 4194 611 4249 W.
622 4194 688 4251 Sed.
706 4211 731 4250 e.
748 4213 777 4268 p.
789 4197 819 4252 in
836 4197 968 4269 pristinis
982 4198 1081 4254 delevit
1096 4199 1160 4324 Βιξ.
1198 4195 1221 4232 ⁸⁰
1235 4200 1278 4252 lta
1301 4194 1432 4251 Wouwer.
1450 4210 1458 4262 ;
1473 4191 1559 4248 Semi.
1575 4191 1709 4246 eamdem
1733 4185 1780 4244 eui
1796 4185 1884 4254 circ.;

180 4260 355 4405 ἑίἑῗθξὲπᾶξ.
367 4265 557 4391 eetrtperticiem
572 4267 641 4323 ciro.
678 4264 765 4326 Semi.
783 4267 925 4324 dissolvet
938 4275 1058 4343 propter
1070 4269 1129 4325 reri
1144 4270 1222 4324 etam
1237 4265 1287 4338 (at.
1302 4281 1345 4337 pr.
1362 4263 1533 4334 venitatem)
1549 4261 1717 4337 gentilium,
1741 4256 1881 4316 solatium

287 4350 305 4388 n
348 4375 355 4404 ,
397 4351 422 4391 c.

910 4437 1172 4505 Commenturiue.

216 4543 272 4618 (39)
282 4543 342 4602 lloc
354 4547 483 4604 secundo
499 4547 535 4606 de
545 4547 628 4608 cultu
657 4548 834 4610 teminorum
859 4571 875 4611 o
899 4554 1002 4612 osculo
1058 4553 1212 4627 profanum
1237 4554 1296 4606 tem
1319 4547 1347 4605 lo
1365 4546 1415 4603 Dei
1440 4545 1605 4602 inferetur:
1627 4561 1663 4601 ne
1687 4543 1817 4600 odansue
1839 4556 1887 4598 ec·

181 4615 276 4673 multa
289 4617 325 4673 de
341 4618 435 4689 primo
451 4623 615 4678 tractentur
625 4622 831 4693 uberiuspova
846 4631 933 4684 etiem
944 4644 1002 4683 non
1058 4627 1139 4690 dem.
1156 4637 1246 4696 quum
1262 4567 1422 4684 infimitati
1441 4617 1636 4688 derilinquii·
1654 4638 1668 4668 ”
1684 4616 1778 4699 ΒΗΡΝ·
1862 4682 1868 4695 ,

181 4704 275 4816 genoe
296 4691 484 4760 proteruntur
500 4691 614 4765 utilius,
644 4693 731 4765 plene
755 4697 854 4754 omnia
881 4698 1004 4770 spiritus
1094 4695 1152 4768 (42)
1169 4695 1219 4750 Cui
1233 4690 1394 4749 indicendae
1408 4692 1602 4762 etenipendre,
1614 4692 1668 4744 eto.
1685 4686 1797 4770 Quibus
1812 4699 1884 4740 eorr-

204 4758 340 4816 bristieni
362 4761 555 4820 sublimioris.
572 4765 613 4821 ile
637 4781 705 4822 vero
720 4768 834 4824 mendis
862 4769 1042 4840 hactenusc
1060 4768 1155 4840 pturis
1170 4764 1282 4821 indicte
1296 4765 1335 4820 eil
1350 4761 1502 4835 pudicitie,
1518 4760 1615 4816 videre
1634 4764 1678 4816 est
1693 4759 1744 4814 lrb.
1769 4761 1817 4840 ιίρΙ
1829 4755 1883 4810 Pu·

181 4831 338 4902 inquinata
352 4832 382 4890 iu
397 4835 583 4963 splendorem
604 4837 733 4894 nativum
758 4840 800 4894 sic
816 4841 947 4926 redeunt,
973 4846 1005 4925 ut
1060 4839 1172 4922 dicitis,
1192 4841 1255 4892 tum
1276 4835 1503 4916 inclementem
1519 4831 1794 4958 ucgprianintqur
1811 4826 1883 4954 rglud

183 4908 1007 5054 terreturiitlttttrl.iiienitttinttr
1060 4906 1884 5060 ttttttetttelniitui...itineresri.

183 5047 372 5104 attentissimi
388 5051 568 5110 discernent.
585 5052 686 5126 ltaque
713 5051 849 5110 iudicine
878 5057 1007 5129 pretium
1063 5069 1130 5110 vero
1141 5069 1175 5108 ex
1191 5068 1261 5108 mss.
1277 5051 1303 5107 3.
1322 5051 1413 5105 Vetic.
1424 5047 1506 5120 lego:
1532 5045 1583 5103 Sed
1597 5063 1673 5102 enim
1699 5045 1883 5118 perseverant,

185 5116 284 5175 luerit.
302 5119 365 5176 liro.
1062 5141 1113 5198 pre
1126 5125 1297 5196 perseverent
1312 5137 1320 5189 ;
1335 5125 1380 5178 et:
1395 5121 1495 5192 (ormae
1509 5127 1535 5174 st
1549 5119 1649 5174 nitoris
1662 5118 1716 5181 sui,
1735 5133 1801 5172 curn
1827 5113 1884 5168 Le-

219 5187 277 5260 (40)
290 5192 536 5250 Postremissirnus.
573 5193 773 5268 Suporletivns
809 5202 1010 5272 usurpetuee
1062 5195 1288 5262 tinio,earudern
1304 5208 1409 5265 nempe
1427 5192 1548 5247 termam
1564 5191 1795 5272 circumferentes.
1813 5189 1883 5240 Pru.

184 5257 287 5316 Gellio.
302 5262 385 5335 Legit
404 5268 506 5335 postes
534 5263 678 5338 Rigaltiue
706 5267 830 5338 equidem
852 5286 912 5327 meo
935 5271 1008 5342 iere,
1099 5269 1155 5340 (43)
1171 5268 1291 5324 i'erninae
1318 5267 1475 5321 nationum.
1497 5261 1570 5326 Quid
1594 5263 1630 5318 de
1653 5262 1718 5317 ietre
1738 5264 1847 5343 ‚loquer
1872 5257 1886 5307 t

185 5330 279 5412 idest,
291 5335 359 5405 jure
374 5335 489 5407 quodsi
509 5339 691 5408 competebat
706 5345 739 5394 ut
760 5339 900 5397 scriberet
915 5344 950 5398 ed
968 5343 1009 5398 le·
1065 5354 1139 5396 enne
1154 5338 1210 5394 ille
1226 5337 1338 5410 pudice
1348 5334 1360 5390 l
1370 5335 1485 5408 Angylse
1499 5332 1590 5405 (netto
1606 5334 1661 5416 est.)
1676 5335 1800 5389 lominus
1815 5339 1885 5382 sues

185 5418 292 5470 mines,
309 5406 449 5478 quoniam
461 5407 549 5462 treter
563 5413 625 5464 eret
639 5412 668 5464 et
695 5425 864 5469 conservus.
885 5414 930 5480 ,Ls
958 5412 1009 5469 Pe.
1065 5409 1168 5484 primis
1183 5408 1319 5466 noctibus
1333 5407 1503 5492 nuptiarum
1519 5402 1677 5486 adulterrre¹
1701 5403 1810 5473 cogunt
1835 5411 1885 5468 pe·

184 5475 337 5532 -ldelius
366 5477 487 5534 torsiteu
517 5475 645 5550 legeris:
668 5479 700 5534 Et
721 5483 830 5553 quidem
856 5501 915 5542 meo
933 5485 1009 5558 jure.
1065 5499 1138 5548 rere,
1154 5498 1222 5536 mox
1236 5479 1272 5536 ed
1288 5479 1456 5553 pudicitiam
1472 5477 1589 5550 legibue
1609 5475 1777 5545 astringunt
1803 5470 1886 5554 (uer-

186 5545 260 5602 non.
1066 5556 1112 5610 ret
1125 5552 1243 5610 Solinus
1254 5551 1283 5608 iu
1299 5550 1463 5624 Polybist.).
1479 5553 1612 5621 Longum
1624 5544 1748 5602 eseetde
1763 5539 1885 5614 reliquis

221 5615 277 5688 (⁴1)
294 5616 699 5686 Qtiaetttht'lt'mmtmdummc
726 5627 889 5696 profanum.
910 5625 1011 5683 llocin
1066 5638 1232 5682 sermonem
1250 5624 1351 5680 iecere.
1369 5623 1434 5678 Leo.
1476 5691 1481 5702 ¹
1548 5689 1554 5701 ¹
1708 5687 1714 5700 ·

187 5701 276 5742 suum
291 5691 450 5747 tractatum
465 5689 614 5748 transtullt
636 5691 798 5764 Cyprianus
809 5703 929 5770 martyr.
940 5699 1013 5753 «De-
1103 5695 1159 5767 (44)
1173 5695 1324 5753 latrabitcs
1338 5703 1429 5751 tamen
1458 5689 1572 5746 licentra
1602 5702 1658 5744 sese
1684 5684 1825 5772 desertori..
1854 5681 1886 5738 ln

187 5771 327 5832 musque,
340 5759 449 5835 inquit,
470 5775 600 5835 operam,
616 5775 654 5819 ne
670 5763 743 5834 quid
770 5765 955 5826 immundum
985 5771 1015 5825 et
1068 5767 1276 5839 antiquissimo
1291 5760 1596 5838 exemptarilegiturzr
1611 5759 1643 5816 lu
1662 5757 1889 5818 embrtuslrceu·
