4152 6192
100 435 177 504 1371
741 427 929 497 6166666
952 427 1176 496 parturisti.
1734 443 1812 508 13111

98 574 211 632 idcirco
222 569 339 645 judicat
348 567 382 638 ⁹⁴,
403 571 436 624 ut
451 565 606 641 ignoscat?
632 569 672 623 hc
688 566 714 624 si
729 565 871 640 ignoscet,
887 572 933 623 ta·
947 569 975 637 Α
989 566 1131 640 gratulari
1146 571 1175 624 et
1189 568 1315 640 gaudere
1331 585 1383 626 noe
1399 569 1483 628 docet
1495 571 1515 643 ⁵,
1531 573 1814 646 dignationsdivinas

101 678 170 720 mon
187 658 352 734 judimfi„
375 656 628 731 impatiengpgmo
651 657 773 724 mitra,
798 656 932 713 ethono—
987 656 1621 734 6666366666.666,166611,6666611166
1657 669 1813 739 66611660

103 769 165 809 rem
182 747 260 807 unici
275 746 395 820 judicia,
411 745 440 803 id
456 749 502 802 ssi
515 744 578 817 Dei,
593 745 730 802 abstulit.
739 745 869 810 Quantos
883 761 934 801 ve·
987 761 1105 802 servum
1120 744 1205 801 illum
1221 746 1351 817 beatum,
1362 750 1448 818 eujus
1459 751 1656 810 emendationi
1669 754 1814 817 Dominus

103 856 136 898 ro
165 855 252 897 casus
285 835 460 908 hujusmodi
497 833 684 907 impatientia
713 833 849 890 incusare
877 834 934 908 (59)
987 831 1161 890 instatlcui
1176 834 1316 906 dignatur
1338 836 1423 892 irasci
1439 837 1506 908 (61),
1531 857 1618 912 quem
1635 845 1813 903 admonendi

102 927 257 988 consuevit
284 925 306 962 ⁸²
330 923 336 980 l
365 923 506 989 Quotiens
536 922 673 996 penituit
701 922 932 979 detensioneml
988 921 1225 992 dissimulatione
1249 940 1307 980 non
1332 924 1458 997 decipit!
1485 925 1618 1002 Undique
1642 931 1732 1004 igitur
1760 937 1813 992 ad·

99 1018 243 1086 Quotiens
259 1011 402 1072 instantia
419 1013 484 1085 ejus
495 1011 622 1068 deterior
637 1012 713 1068 laeta
724 1012 746 1048 ⁹⁸
760 1016 806 1068 est
819 1011 933 1069 caussis
988 1011 1086 1068 stricti
1100 1027 1205 1067 sumne
1215 1013 1311 1069 6111616
1322 1013 1728 1086 patientiandminietranda.
1740 1026 1815 1091 Qua·

99 1107 163 1166 fluis
183 1102 260 1178 (60)l
285 1101 430 1169 Quoniam
455 1098 529 1156 nihil
553 1099 737 1172 impatientia
761 1105 933 1172 suscepturo
988 1116 1094 1173 quaer
1109 1116 1201 1174 parte,
1218 1107 1269 1158 661
1288 1104 1437 1160 erroribus
1455 1106 1573 1178 nostris,
1590 1115 1641 1166 aut
1656 1112 1725 1168 mali
1741 1113 1814 1170 insi-

105 1197 170 1254 6166
189 1196 301 1266 impetu
327 1188 452 1264 transigi
467 1189 547 1246 novit
564 1207 571 1246 ι
588 1188 662 1245 nihil
685 1189 798 1262 impetu
821 1194 933 1263 actum,
989 1188 1056 1256 diis,
1074 1189 1173 1247 nti?
1197 1196 1248 1246 ant
1272 1191 1524 1250 admonitionibus
1550 1199 1664 1255 Domini
1688 1200 1814 1259 interve·

99 1290 229 1344 autnon
253 1281 386 1352 attendit,
410 1283 462 1336 aut
484 1277 606 1350 dormit,
632 1282 683 1335 aut
707 1294 837 1351 preceps
851 1277 933 1334 abiit.
989 1277 1033 1335 nit
1047 1277 1103 1350 (65)
1119 1295 1202 1346 6666,
1218 1279 1284 1351 ejus
1307 1279 1395 1336 oificii
1420 1297 1527 1355 magna
1552 1301 1674 1358 meroes,
1689 1287 1815 1350 felicitae

98 1372 170 1430 Jam
196 1369 221 1428 si
249 1368 344 1427 levius
369 1365 548 1434 detonderis,
572 1365 704 1424 insanies
726 1383 732 1422 :
754 1368 780 1423 si
804 1364 934 1436 uberius,
989 1363 1110 1423 scilicet.
1127 1366 1655 1444 0666661616116666661666,6161
1673 1378 1816 1448 patientes

100 1458 283 1519 oneraberis.
308 1455 384 1523 Quid
397 1456 502 1514 1206
521 1453 597 1512 mihi
622 1471 690 1513 oum
713 1453 833 1527 ultione,
849 1455 935 1526 66166
988 1456 1180 1528 nuncupavit,
1205 1455 1328 1512 dicendo
1345 1473 1351 1510 :
1369 1459 1449 1513 116611
1468 1477 1601 1534 pauperes
1623 1466 1735 1536 spirita,
1752 1468 1817 1526 illo·

110 1549 233 1606 modum
248 1561 348 1620 regere
358 1560 417 1601 non
428 1559 549 1617 possum
563 1560 615 1616 per
624 1542 840 1616 impatientiam
854 1541 935 1599 dolo·
989 1559 1053 1600 rum
1075 1552 1114 1600 661
1136 1545 1211 1599 enlm
1234 1560 1351 1616 regnum
1373 1546 1503 1602 coeiorom
1527 1549 1685 1625 (1166166).
1710 1554 1815 1614 Nullus

108 1638 150 1696 ris
161 1641 173 1694 1
186 1635 268 1703 Quod
283 1634 309 1692 si
323 1633 472 1708 patientiae
485 1633 631 1689 incubabo
647 1632 714 1706 (61),
731 1647 789 1689 666
805 1631 934 1690 dolebo:
990 1633 1119 1706 proiecto
1134 1631 1241 1704 spiritu
1265 1649 1385 1705 pauper,
1402 1633 1459 1690 nisi
1486 1635 1626 1709 humilis;
1648 1641 1715 1714 qula
1737 1643 1816 1702 enim

101 1727 128 1784 „i
142 1741 201 1784 non
216 1723 331 1793 dolebo,
348 1721 450 1780 ulcisci
465 1736 523 1779 non
540 1721 726 1780 desiderabo.
990 1719 1122 1790 humilis,
1145 1720 1202 1777 nisi
1228 1721 1366 1793 patiens?
1389 1723 1460 1795 quia
1475 1741 1559 1782 nemo
1584 1731 1730 1802 subjicere
1751 1749 1816 1791 6666

430 1863 546 1922 nur
560 1863 606 1921 6
990 1813 1309 1971 1211611163,
1323 1817 1816 1973 tibilititiitt..itit

139 1993 209 2052 Post
231 1993 285 2050 has
310 1988 487 2066 principales
510 1987 700 2061 impatientis
726 1989 877 2060 materias,
897 1991 930 2044 ut
989 1987 1131 2061 patientia
1147 1987 1279 2044 tolerati
1302 1987 1401 2060 itaque
1416 1990 1527 2049 talibus
1541 1997 1569 2049 et
1594 1996 1743 2056 advocatio
1759 2001 1816 2076 (66)

104 2083 271 2158 potuimus,
288 2082 429 2154 regestas,
446 2077 517 2152 quid
534 2077 611 2134 inter
625 2082 744 2134 caterae
758 2075 935 2150 evagemur?
987 2080 1017 2134 at
1030 2077 1110 2133 risos
1133 2075 1325 2148 promittitur.
1350 2078 1428 2134 Beati
1442 2084 1530 2137 66166.
1559 2084 1615 2140 1166
1631 2087 1750 2160 quidem
1766 2109 1816 2150 vo·

103 2173 174 2240 066
190 2169 284 2238 domi,
299 2183 363 2242 qua
378 2165 474 2224 ioris?
490 2167 561 2224 Lata
576 2170 665 2238 atqua
679 2167 787 2224 ditiusa
806 2170 852 2223 eat
865 2181 935 2238 ope·
989 2163 1094 2221 cabulo
1109 2164 1295 2237 impatientes
1312 2182 1370 2222 non
1387 2165 1455 2224 licet
1470 2171 1590 2228 omnino
1605 2177 1727 2234 censeri.
1743 2183 1815 2238 item

104 2260 182 2317 ratio
198 2257 302 2315 malit·
316 2257 392 2330 (62);
414 2254 590 2328 multiplicia
605 2254 729 2326 spiritus
744 2254 937 2311 incitamenta
989 2269 1056 2310 cum
1074 2253 1210 2325 pacificos
1233 2254 1335 2311 eodem
1353 2256 1439 2313 titulo
1463 2258 1610 2318 latinitatis
1632 2270 1817 2335 661666111-

101 2346 277 2422 jaculanti,
285 2350 315 2402 et
330 2344 418 2402 modo
428 2343 560 2417 parvula,
570 2340 858 2400 modomaximaSed
870 2358 935 2415 par·
990 2342 1046 2399 lios
1062 2341 1112 2398 Dei
1126 2346 1289 2415 nuncupat,
1305 2345 1449 2418 numquid
1462 2347 1650 2421 impatientes
1660 2355 1740 2427 pacis
1755 2357 1818 2416 aiii·

105 2435 178 2494 6616
193 2437 229 2493 66
243 2452 298 2493 sua
311 2433 510 2491 mediocritate
530 2435 712 2501 contemnas,
732 2430 870 2488 maximis
884 2447 937 2505 pro
991 2429 1067 2488 nest
1081 2429 1195 2486 Stultus
1219 2431 1292 2487 hoo⁶
1308 2435 1442 2492 senserit.
1466 2439 1538 2492 Cum
1554 2455 1630 2506 vero,
1657 2443 1778 2503 Gaudete
1791 2454 1817 2506 at

107 2543 165 2583 sua
191 2521 398 2596 exsuperantia
412 2522 421 2556 ¹
443 2521 540 2577 cedas.
556 2519 611 2576 Ubi
626 2521 723 2577 minor
750 2520 870 2592 injuria,
897 2519 938 2576 ibi
990 2520 1141 2591 seruitute,
1157 2519 1238 2585 dicit,
1248 2523 1374 2592 66611666
1384 2539 1429 2580 voe
1443 2525 1644 2585 molediccotet
1655 2546 1818 2607 persequen-

108 2613 195 2672 nulla
210 2612 372 2670 necessitas
386 2609 578 2683 impatientis
593 2610 615 2662 ¹.
636 2611 673 2664 lit
688 2609 737 2664 ubi
751 2609 846 2681 mador
859 2609 938 2682 inju·
991 2615 1047 2678 tur,
1063 2625 1165 2665 marcas
1180 2610 1253 2665 enim
1268 2619 1359 2666 cestro
1376 2612 1504 2684 pluriora
1518 2617 1548 2670 in
1562 2618 1648 2680 calm·
1671 2622 1701 2676 id
1717 2623 1820 2697 utique

106 2703 164 2772 ria,
180 2701 221 2758 ibi
236 2700 419 2758 necessarior
433 2698 490 2772 (63)
502 2697 617 2770 injuria
629 2697 753 2769 medela,
763 2697 905 2770 patientia
915 2701 935 2756 ⁸.
992 2714 1051 2754 non
1063 2695 1269 2754 exsultationis
1277 2697 1468 2772 impatientia
1477 2701 1641 2776 pollicetur,
1653 2711 1723 2782 quia
1734 2730 1820 2772 nemo

107 2793 260 2850 certamus
274 2789 363 2862 igitur
378 2804 442 2860 qus
457 2804 475 2843 a
490 2786 568 2844 malo
586 2786 764 2859 iniliguntur
779 2787 937 2857 sustinere,
991 2786 1022 2842 in
1039 2785 1170 2842 adversis
1183 2786 1372 2857 exsultaviti,
1388 2789 1446 2846 nisi
1462 2797 1528 2848 ante
1543 2810 1577 2851 aa
1591 2803 1818 2874 contempserit;

111 2885 148 2938 nt
161 2879 256 2937 hostis
271 2876 405 2935 studium
420 2876 569 2932 emulatio
584 2879 692 2932 nostra
707 2875 939 2948 equanimitatis
992 2890 1079 2932 nemo
1095 2879 1273 2946 contemnat,
1289 2878 1347 2936 nisi
1361 2879 1533 2952 patientiam
1548 2887 1683 2957 gesserit.

111 2967 222 3026 eludat.
239 2967 267 3023 Si
282 2981 350 3022 varo
365 2964 500 3040 quedam
515 2962 574 3036 ipsi
597 2961 628 3019 in
641 2978 706 3030 nos,
722 2965 755 3020 ut
767 2963 939 3037 impruden-

111 3057 166 3128 tia,
182 3061 232 3115 aut
246 3059 352 3128 sponte
370 3053 458 3111 etiam
477 3051 715 3126 superducimus,
730 3068 812 3124 sque
826 3053 941 3126 patien-
1311 3021 1428 3078 CAPUT
1447 3023 1506 3084 ,ω’

112 3151 159 3204 ter
182 3145 333 3215 obeamus,
357 3157 422 3215 qus
446 3141 531 3199 nobis
551 3139 746 3214 imputamus.
772 3141 855 3210 11666
879 3143 942 3201 616
1030 3143 1155 3210 Ouodad
1165 3142 1245 3217 pacis
1254 3144 1609 3218 gratissimsDeoattinet
1619 3156 1818 3233 disciplinam,

114 3229 714 3299 Dominononnullacredimusinooti‚aui
726 3230 942 3304 magispatien-
995 3233 1063 3306 quis
1087 3233 1205 3290 omnino
1229 3233 1589 3306 16661166116666166661
1611 3246 1703 3305 semel
1717 3248 1819 3324 ignos-

114 3325 190 3382 tiam
205 3337 293 3396 quam
319 3319 442 3378 Domino
466 3318 675 3394 praebeamus?
698 3317 797 3387 Quint
819 3305 978 3394 insuperG
996 3325 1042 3378 oet
1055 3331 1066 3366 ⁸
1080 3321 1163 3379 tratri
1183 3337 1238 3380 666
1261 3321 1332 3394 (666
1355 3323 1453 3383 dicam
1475 3328 1593 3403 septies,
1610 3336 1661 3392 666
1676 3339 1730 3395 et’
1752 3355 1818 3416 ssp-

816 3427 918 3492 Variae
932 3426 1093 3491 lectiones.

151 3524 407 3582 t‘iudicetl'rura
459 3519 669 3581 “Patientiam
683 3525 776 3581 16116.
828 3523 851 3560 ⁹⁸
873 3524 1010 3583 incusare
1025 3525 1112 3584 iiten.
1163 3525 1185 3569 ⁹²
1200 3523 1500 3588 6666666666111666.
1551 3535 1573 3578 ⁹⁸
1589 3535 1708 3598 Inventa
1731 3543 1817 3602 libera.

115 3593 667 3682 110666616.11611616116666616111.
708 3595 929 3654 ¹lixuberantia
952 3598 1042 3654 Poris.
1082 3595 1374 3659 Ῥ6116611616116Ι
1422 3602 1596 3663 'Patientia
1619 3611 1702 3670 Fron.
1726 3615 1818 3675 Poris.

113 3667 431 3736 ι(1616666166.
483 3667 704 3725 1666611666.
755 3665 1377 3730 1116616666116616.6661666661.
1428 3676 1602 3738 adaptabit
1623 3683 1709 3741 gran,
1727 3687 1819 3746 parf„

113 3742 126 3778 ⁸
140 3740 269 3814 ignoscit
362 3778 369 3794 .
407 3736 484 3795 ’Vel
498 3738 593 3796 totta.
608 3740 672 3796 lon.

835 3820 1097 3884 Commentarius.

154 3925 212 4002 (59)
236 3927 335 3984 Tamen
358 3925 516 3999 judicantis
544 3923 746 4070 impatientiam
774 3931 857 3987 cauit.
886 3929 946 3987 ileo
1001 3928 1111 3988 diaboli
1126 3928 1298 3988 latitudines
1314 3931 1433 3988 muniri.
1451 3955 1465 3984 6
1481 3935 1545 3995 ltro.

117 4005 167 4058 eat
180 3997 316 4056 adhibuit
339 3997 554 4070 impatientiam
591 3999 750 4066 6616666116,
771 4017 822 4058 666
848 4017 946 4075 parse—
1037 4001 1353 4076 (66)16166666666166.
1377 4007 1611 4076 comparativum
1636 4014 1822 4074 inusitatum.

118 4071 239 4145 quentis
254 4069 393 4142 injuriam
404 4069 533 4140 iudicio.
545 4069 625 4126 Cavit
638 4072 852 4144 impatientiam
867 4073 945 4144 inju·
1000 4071 1049 4129 Sic
1063 4074 1247 4130 necessarius
1261 4073 1334 4129 dixit
1348 4073 1377 4128 in
1394 4081 1508 4144 neutro,
1523 4079 1574 4137 lib.
1590 4083 1626 4139 da
1638 4088 1728 4143 corne
1743 4087 1823 4145 Clari·

119 4145 183 4213 risa,
209 4143 354 4199 actionem
378 4141 443 4212 ejns
472 4155 630 4213 aggressus
653 4144 776 4215 judicio,
806 4144 861 4202 etsi
887 4161 946 4201 non
1000 4146 1048 4201 stt.
1067 4166 1078 4193 ι
1095 4145 1194 4216 Quasi,
1210 4145 1316 4217 inquit,
1333 4147 1642 4226 necessariusntiquid
1658 4157 1823 4216 afferrent.»

138 4213 340 4286 eregittiavit,
349 4216 492 4284 tanquam
507 4211 858 4296 periclitareturrepoeita
868 4217 946 4298 apud
1001 4215 1095 4272 11666.
1156 4288 1161 4298 1
1200 4287 1205 4298 Ι
1336 4287 1338 4293 s
1410 4289 1415 4298 Ι

118 4234 213 4346 fleam
228 4285 321 4352 ultio;
336 4289 571 4355 eaqueoautrone
585 4284 726 4344 honorem
738 4286 816 4344 unici
824 4287 946 4359 judicis,
1037 4287 1095 4360 (61)
1111 4285 1160 4342 Cas
1175 4285 1306 4355 dignatur
1329 4302 1424 4344 rroscs.
1446 4289 1602 4362 Praeclare;
1627 4313 1695 4354 nam
1709 4298 1758 4355 ira
1775 4299 1825 4356 1161

120 4359 152 4415 16
169 4361 213 4414 661
228 4357 287 4425 ilai,
304 4355 435 4411 abstulit.
450 4356 556 4412 Carere
566 4353 606 4411 im
629 4359 779 4416 atlantiam
795 4358 868 4415 dixit
878 4359 946 4416 ’166-
1001 4357 1032 4414 16
1048 4374 1103 4415 666
1118 4359 1278 4430 procedunt
1291 4372 1327 4412 ex
1342 4372 1422 4414 mera
1436 4362 1499 4432 ejus
1510 4363 1538 4419 di
1562 4366 1680 4424 natione
1694 4375 1724 4426 st
1741 4372 1828 4427 mise·

120 4428 267 4488 tullianus
286 4426 389 4510 eadem
414 4427 507 4483 iorma
521 4443 591 4508 ¹qna
605 4373 638 4484 fil
663 4429 856 4487 ianusetSce
871 4430 946 4501 vola,
1002 4429 1139 4513 ricerdis,
1163 4433 1195 4485 ot
1217 4427 1409 4510 corrigamur.
1435 4435 1512 4514 iixor
1534 4381 1645 4494 foliani
1668 4443 1826 4514 Apostata,

120 4516 224 4560 cavere
246 4497 483 4570 chirographum,
508 4497 558 4582 lrb.
584 4515 622 4569 v;
643 4447 679 4556 h.
704 4501 898 4573 commodati,
920 4507 950 4559 et
1002 4517 1050 4573 pra
1064 4506 1092 4557 et
1107 4501 1410 4584 sanctaiemrna,cnm
1424 4505 1534 4586 videret
1548 4509 1671 4594 impium
1688 4513 1829 4570 maritum

119 4574 177 4630 lib.
195 4587 298 4627 nxxxrx
312 4569 349 4626 Dc
362 4571 443 4626 66161.
469 4569 592 4626 otiabar.
618 4572 696 4642 quod
711 4577 764 4638 ast,
781 4589 882 4630 cavere
898 4590 949 4646 per
1004 4573 1148 4644 supplicio
1168 4570 1303 4627 allectum
1329 4588 1345 4626 a
1368 4571 1437 4640 Deo,
1462 4575 1536 4633 6611
1559 4580 1612 4650 illr,
1636 4587 1669 4638 ut
1689 4589 1735 4641 eet
1749 4586 1829 4658 apud

120 4643 360 4715 chirographum.
383 4641 430 4696 616
451 4655 553 4698 cavere
573 4641 800 4714 impatientiam,
825 4642 947 4714 honest,
962 4677 987 4746 D
1003 4643 1171 4700 Theodorit.
1195 4640 1246 4698 lib.
1273 4657 1314 4702 ur.
1340 4659 1403 4714 cap.
1430 4647 1464 4702 12
1489 4665 1496 4704 :
1521 4647 1592 4706 0661
1616 4653 1667 4728 γὰρ
1692 4652 1722 4710 lis
1743 4650 1827 4730 ἔγνως

121 4730 225 4774 cavere
240 4730 290 4787 per
304 4711 530 4796 impatientiam,
546 4715 713 4787 prospicere
733 4713 791 4772 sibi
806 4714 947 4774 ultionem
1002 4711 1043 4775 ria
1063 4712 1165 4789 ὁπορὰ
1179 4715 1227 4766 σοῦ
1250 4711 1472 4786 πολεμούμενος,
1497 4718 1521 4774 st
1540 4724 1575 4794 τῇ
1588 4728 1709 4796 mango„
1727 4747 1828 4804 neapo.

119 4782 754 4931 1161116661ω111116116666
776 4855 937 4912 6666,
1003 4782 1680 4928 lii‘idil“ll‘li.i“llii.il..⁰‘'liiii'‘
1716 4797 1828 4927 'llll

122 4927 236 4986 Institit
250 4928 347 4985 aerius
362 4873 538 5009 etzeperius
552 4942 645 4999 aquo.
658 4926 720 5009 lion
731 4927 851 5012 suberat
861 4895 951 5010 66666
1003 4929 1067 5012 6161Ι
1083 4875 1295 5012 coemendata
1321 4943 1389 4985 usas
1416 4932 1466 4989 boa
1491 4881 1588 5008 plopqos
1615 4885 1831 5001 disierpiqusnaliii

120 5007 187 5060 tam
203 4999 768 5071 666616666661666166616661666616
789 5003 949 5056 rnstantus.
1003 5001 1163 5071 intimasset.
1180 4998 1245 5054 Lao.

121 5071 229 5145 Exegit
262 5070 329 5144 pius
361 5086 450 5142 quam
485 5069 530 5127 lex
562 5069 622 5126 ulla
660 5069 754 5126 dolori
794 5070 949 5127 concessit.
1040 5071 1098 5142 (65)
1112 5071 1166 5127 lut
1179 5070 1418 5126 admonitionibus
1433 5074 1544 5133 domiui
1561 5079 1719 5140 1616666611.
1737 5086 1830 5140 inter·

122 5147 189 5202 ltro.
1004 5143 1139 5198 venimus
1154 5141 1302 5198 erroribus
1326 5143 1436 5200 nostris
1459 5151 1510 5202 aut
1525 5149 1595 5208 mali
1618 5153 1745 5222 insidiis,
1761 5172 1830 5213 oum

163 5213 221 5286 (61)
245 5212 320 5282 Quod
342 5209 368 5266 a·
388 5211 533 5280 patientias
561 5211 709 5270 incubabo.
734 5209 877 5268 lucubara
899 5227 951 5283 pro
1005 5229 1060 5270 nos
1074 5211 1133 5270 illis
1144 5211 1328 5287 opponimus,
1340 5230 1398 5270 oon
1410 5222 1630 5296 consentiendo,
1642 5226 1686 5282 vel
1696 5228 1831 5284 evitando

120 5281 952 5356 1666666166,16666161166666661666666666666666
1006 5285 1115 5358 potins.
1132 5285 1178 5341 sic
1202 5283 1273 5341 olim
1289 5283 1426 5344 tribunus
1450 5298 1715 5356 senatusconsultis
1739 5299 1829 5355 intar-

122 5374 164 5417 ne
177 5358 348 5430 perdamus,
364 5354 453 5410 etiam
469 5371 535 5409 cum
551 5355 726 5427 dormimus,
743 5353 828 5412 nobis
843 5371 951 5426 suppo·
1007 5357 1140 5414 cadebat.
1154 5359 1192 5412 At
1206 5354 1458 5416 admonitionibus
1478 5367 1591 5423 Domini
1607 5368 1831 5436 intervenimus,

122 5431 228 5488 nimus
251 5425 390 5485 custodis
414 5440 513 5482 causa.
539 5425 711 5498 Cyprianus,
735 5426 769 5482 de
791 5427 952 5482 dieamus:
1007 5443 1074 5485 oum
1090 5427 1150 5483 illis
1165 5427 1365 5500 obsequimur.
1382 5429 1474 5488 Rsnu.

124 5525 143 5554 «ι
160 5494 681 5566 1161661611ὶί616166611616666661
697 5518 711 5547 n
726 5497 773 5553 sio
787 5496 817 5552 in
832 5496 907 5554 libro
921 5496 954 5554 de
1043 5499 1100 5581 (66)
1123 5499 1231 5555 Talibus
1255 5497 1393 5557 advocatio
1416 5511 1441 5560 et
1463 5505 1537 5562 risus
1564 5512 1742 5578 promittitur.
1771 5510 1831 5566 nd·

22 5579 24 5584 ’
123 5567 952 5645 1166666166166161116666,6166666661666616.
1007 5574 1132 5634 vocatio,
1156 5567 1341 5644 παράκλησις,
1362 5575 1533 5634 consolatio.
1559 5583 1605 5635 Sto
1628 5579 1832 5638 6666666666-

23 5667 25 5684 .
125 5647 223 5704 pm,
1009 5641 1104 5708 lionis,
1127 5641 1156 5696 id
1185 5645 1230 5698 est
1258 5643 1476 5704 consolationis.
1501 5649 1637 5706 Aduocore
1660 5652 1830 5722 hancenias,

165 5714 223 5788 (62)
238 5714 310 5770 iota
325 5717 409 5784 otpos
427 5707 528 5792 diflusa
551 5718 591 5766 eat
605 5709 728 5780 operatio
742 5709 824 5794 mcii.
838 5709 886 5766 Sic
902 5709 953 5766 lib.
1009 5711 1100 5796 idest
1123 5712 1267 5771 consolari
1290 5720 1473 5844 aegrotantes.
1497 5719 1649 5778 ldvccotor
1667 5739 1832 5800 pauperum,

124 5783 164 5843 de
178 5783 274 5843 idolol.
295 5798 329 5840 oe
352 5823 359 5838 .
382 5783 410 5850 2,
434 5779 508 5836 drxrt
532 5798 539 5837 :
566 5801 580 5835 a
605 5783 670 5837 Non
692 5781 722 5837 in
746 5781 862 5838 modico
885 5797 955 5839 con·
1008 5784 1041 5840 ad
1056 5789 1102 5843 eat
1115 5784 1291 5843 consolator.

124 5857 238 5920 sistere
251 5852 358 5916 dicbo‘
379 5851 544 5929 ingenium,
567 5855 597 5912 at
618 5851 802 5914 Christianos
816 5853 956 5914 adserens

1333 5803 1371 5846 IG·
