4096 6180
202 245 270 309 nn
325 252 330 262 ¹
471 241 736 309 raaruannur
759 241 922 308 ornauu
944 245 1044 307 raas
1066 243 1090 305 1.
1107 277 1146 290 -
1162 243 1299 307 suares
1322 197 1670 319 annumeraret(

211 381 292 438 nitas
308 382 420 449 erogat.
436 380 509 436 Com
524 379 614 451 igitur
634 379 670 435 ad
686 379 746 436 hec
772 379 961 436 artificiorum
984 391 1033 452 ge·
1050 384 1077 449 Α
1092 378 1256 451 astrologis
1271 378 1346 436 inter
1365 395 1397 437 es
1412 381 1592 437 societatem.
1622 377 1712 436 Primi
1736 377 1829 450 igitur
1849 377 1918 434 stel-

1861 242 1920 304 tlt
2029 271 2030 274 ¹

212 486 281 527 ocra
297 469 563 540 cohortemur,quae
579 468 690 524 idolum
707 469 874 540 quidemst
887 468 1038 541 qaaeidolo
1093 466 1569 542 feruminterpretsefffllnatum
1583 466 1734 525 Christum
1758 465 1916 522 annuntia·
2029 517 2030 536 ,

213 562 455 632 competunt,non
472 559 628 630 attingant,
641 558 700 614 sint
711 563 808 614 autem
825 563 854 614 et
868 557 1039 614 hominibus
1093 559 1206 626 verunt,
1236 556 1323 629 primi
1356 561 1584 614 muneraverunt
1611 557 1679 628 (29).
1710 555 1770 612 Hoc
1799 555 1917 614 uomina

215 647 386 706 communia
400 663 476 716 sepe
492 663 556 719 qun
571 651 600 702 et
615 646 712 713 idolis,
727 646 783 703 hoo
807 664 924 721 qnoque
940 663 1039 703 cavere
1093 645 1241 702 Christum
1259 646 1384 718 (opinor)
1407 646 1464 704 sibi
1491 645 1705 719 obligaverunt.
1729 644 1803 710 Quid
1829 643 1916 700 tum?

215 739 368 804 debemus,
385 736 520 809 nequid.
537 735 700 792 scientibus
714 737 809 802 nohis,
831 738 867 792 ab
891 735 1039 807 aliquibus

216 828 253 883 de
268 827 405 882 manibus
422 825 531 881 nostris
550 824 579 880 in
606 840 668 880 ram
692 825 838 881 idolorum
863 824 1038 898 postuletur,

217 915 300 981 Quod
315 915 341 970 si
355 914 632 983 concesserimus,et
647 931 703 970 non
720 915 857 970 remediis
870 916 932 986 jam
944 914 966 949 ⁸¹
982 914 1039 970 usi·

217 1003 288 1062 tatis
302 1003 461 1076 egerimus,
482 1019 540 1060 noo
566 1007 636 1076 puto
651 1019 704 1059 nos
728 1003 895 1076 scontagio
919 1001 1039 1058 idolola-

217 1093 280 1149 trias
296 1109 408 1162 vacare,
431 1108 557 1164 quorum
582 1107 689 1149 manus
712 1109 770 1148 non
795 1092 994 1165 ignorantium
1010 1091 1040 1147 in

217 1181 373 1240 officiovel
389 1181 543 1238 inhonore
566 1186 595 1238 et
623 1198 678 1238 usu
705 1181 918 1238 demoniorum
942 1181 1041 1254 depre-

216 1270 396 1328 heoduntur.

536 1394 655 1452 CAPUT
674 1395 719 1452 lX.

253 1536 524 1592 Animadvertimus
539 1537 615 1592 inter
639 1541 716 1592 artes
731 1537 819 1594 etiam
844 1540 1042 1612 professiones

217 1624 358 1698 quasdam
375 1625 517 1682 obnoxias
533 1624 714 1682 idololatriae.
732 1626 775 1682 De
786 1627 944 1702 astrologis
957 1628 1041 1686 nelo·

1094 735 1160 791 ideo
1175 752 1253 791 nunc
1268 741 1296 791 et
1312 735 1528 792 mathematicis
1544 733 1776 808 patrocinabitur
1799 733 1915 790 illorum
2029 761 2030 766 1

1096 839 1248 897 magorum
1266 823 1389 898 religio?
1403 825 1444 880 De
1458 824 1574 882 Christo
1590 823 1702 882 scilicet
1716 828 1762 880 est
1776 822 1916 880 mathesis

1096 914 1182 970 hodie
1196 914 1265 986 (30).
1281 913 1381 972 stellas
1396 914 1419 949 ‘⁸
1433 913 1552 983 Christi,
1568 930 1625 971 non
1642 912 1761 970 Saturni
1775 916 1804 969 et
1816 912 1916 970 Martis
2029 957 2030 960 η

1095 1009 1123 1058 et
1145 1004 1301 1076 cujusque,
1325 1019 1357 1059 er
1382 1003 1484 1060 eodem
1510 1002 1612 1060 ordine
1641 1007 1826 1059 mortuorum
1859 1001 1914 1074 (31)

1095 1093 1231 1150 observat
1244 1096 1274 1149 et
1289 1091 1436 1166 predicat.
1456 1092 1584 1148 Atesim
1600 1091 1724 1148 scientia
1747 1090 1798 1148 illa
1822 1106 1915 1163 usque

1095 1183 1132 1238 ad
1147 1181 1336 1254 Crangcfium
1351 1181 1406 1254 (32)
1421 1181 1477 1238 fuit
1492 1196 1641 1247 concessa,
1657 1184 1690 1236 ut
1703 1179 1819 1236 Christo
1840 1179 1916 1236 edito

1095 1287 1181 1328 namo
1196 1270 1300 1327 exinde
1314 1269 1496 1327 nativitatem
1520 1269 1647 1342 alicujus
1668 1270 1704 1326 de
1733 1268 1804 1326 coelo
1827 1267 1917 1324 iater-

1050 1411 1058 1436 ,
1095 1360 1343 1434 protatur⁸⁸.Nsm
1359 1364 1387 1416 ct
1400 1359 1472 1416 thus
1482 1358 1554 1415 illud
1570 1363 1598 1415 et
1609 1359 1756 1432 myrrham
1772 1363 1916 1414 staurum

1097 1450 1160 1506 ideo
1173 1449 1280 1506 infanti
1295 1453 1364 1506 tuac
1380 1447 1503 1505 Domino
1530 1447 1711 1516 obtulerunt,
1728 1447 1812 1520 quasi
1835 1445 1916 1502 clau·
2029 1495 2030 1500 ,

1095 1539 1190 1597 solam
1205 1537 1428 1596 sacrificationis
1443 1538 1499 1610 (33)
1514 1542 1543 1593 et
1556 1535 1917 1610 gloriaesacularis,quam
2029 1553 2030 1600 l

1095 1628 1230 1685 Christus
1245 1632 1306 1684 erat
1320 1628 1522 1700 adempturus.
1537 1626 1621 1691 Quod
1635 1625 1727 1700 igitur
1741 1625 1846 1682 iisdem
1854 1641 1918 1682 ma·

218 1714 369 1787 quendum
385 1714 504 1786 quidem
520 1718 574 1769 est.
592 1714 648 1769 Sed
664 1715 803 1786 quoniam
827 1717 948 1788 qnidam
975 1717 1041 1773 istis
1056 1757 1080 1824 Β
1096 1717 1141 1790 gis
1155 1717 1302 1773 somnium
1319 1717 1383 1773 sins
1397 1715 1486 1772 dubio
1502 1729 1536 1771 ex
1553 1715 1602 1771 Dei
1620 1715 1769 1772 voluntate
1796 1729 1918 1788 sugges·
2029 1717 2030 1782 Ῠ

219 1802 324 1858 dicbus
340 1803 504 1870 provocavit
530 1804 689 1859 defendens
713 1804 770 1860 sibi
794 1807 1041 1878 perseverantiam
1096 1811 1145 1872 sat,
1162 1806 1285 1860 utirent
1299 1805 1327 1860 in
1345 1821 1409 1872 sua,
1434 1803 1485 1860 sed
1510 1802 1579 1871 alis,
1602 1819 1659 1860 non
1685 1819 1742 1875 qua
1765 1804 1917 1873 venerant,
2029 1799 2030 1846 ἶ

219 1890 410 1964 professionis
426 1891 524 1958 istius,
539 1893 639 1963 paucis
659 1897 734 1948 uter.
761 1892 823 1949 Non
844 1893 938 1967 allego
961 1896 1040 1968 quod

220 1981 300 2036 idola
323 1978 457 2044 honoret,
482 1995 609 2051 quorum
633 1982 753 2038 nomina
774 1983 845 2039 ooelo
878 1983 1040 2056 inscripsit,

150 2137 153 2146 ,
209 2066 331 2140 squibus
347 2084 462 2124 omnem
473 2068 523 2124 Dei
540 2074 715 2141 potestatem
732 2071 862 2128 addixit:
880 2073 957 2144 quod
973 2089 1041 2145 pro·

220 2160 319 2229 pterea
334 2155 465 2214 homines
480 2175 537 2214 non
554 2162 659 2231 putant
673 2159 696 2195 ⁴⁸
715 2160 808 2216 Deum
833 2163 1041 2234 requirendum

220 2251 433 2318 presumentes
456 2246 607 2303 stellarum
632 2265 686 2304 nos
718 2249 897 2306 immutabili
922 2250 1041 2307 arbitrio

221 2333 379 2407 agi.Unum
395 2337 660 2409 propono,angelos
670 2353 735 2394 csse
747 2337 981 2395 illosdesertores
993 2339 1043 2396 Dei

220 2425 366 2504 (tlemus),
383 2428 528 2480 amatores
554 2425 741 2494 feminarum,
769 2428 932 2498 proditores
955 2431 1043 2484 etiarn

221 2512 310 2582 buius
325 2511 516 2584 curiositatis,
538 2521 689 2586 propterca
714 2533 829 2588 quoque
858 2517 1012 2572 demontus
1026 2536 1045 2573 a

200 2601 290 2656 «uso.
306 2599 329 2656 0
344 2600 445 2656 divina
459 2602 604 2657 sententia
619 2619 713 2674 usque
723 2605 758 2659 ad
774 2608 882 2660 terram
899 2611 1042 2677 pertinax,

112 2691 118 2704 ¹
223 2687 374 2745 caiatiam
400 2689 569 2760 ignorantes
595 2691 797 2748 testimonium
827 2694 963 2752 reddunt.
989 2697 1042 2752 llx-

222 2776 372 2850 pelluntur
399 2777 598 2834 mathematici
621 2780 679 2852 (27)
707 2779 784 2837 sicut
809 2782 902 2854 angeli
930 2801 1041 2840 eorum.

222 2864 297 2922 Urbs
311 2870 340 2922 ct
355 2865 438 2922 ltalia
452 2863 639 2922 interdicitur
661 2870 886 2944 mathematicis,
898 2873 974 2930 sicut
985 2891 1043 2930 coe·

202 2943 283 3011 'lum
299 2954 412 3026 angelis
427 2970 539 3012 eorum.
561 2956 666 3013 lisdem
684 2975 769 3030 poena
792 2965 837 3016 est
851 2960 929 3017 exilii
958 2962 1044 3021 disci·

220 3042 299 3116 pulis
314 3044 391 3100 072
408 3049 436 3100 et
452 3044 611 3117 magistris.
628 3046 683 3102 Sed
700 3047 778 3120 magi
804 3054 833 3104 et
846 3050 985 3125 astrologi
1002 3053 1039 3108 ab

1095 1894 1152 1965 via,
1173 1894 1201 1949 id
1232 1899 1286 1961 est,
1318 1909 1353 1948 ne
1381 1892 1506 1966 pristina
1534 1896 1614 1949 secta
1643 1909 1697 1950 sus
1725 1891 1917 1950 incederent:

1096 1999 1193 2040 uenae
1221 1985 1243 2019 ⁸⁶
1271 1983 1337 2040 illos
1365 1981 1493 2038 Herodes
1518 1985 1753 2055 persequeretur,
1780 1980 1832 2054 qui
1865 1995 1918 2038 nec
2029 1997 2030 2036 4

1095 2077 1267 2145 persecutus
1289 2076 1343 2142 est,
1368 2070 1455 2128 etiam
1472 2070 1680 2144 ignoransalia
1693 2071 1740 2127 via
1757 2070 1918 2143 digressos,
2029 2059 2030 2100 t

1096 2162 1280 2236 quoniamst
1308 2163 1521 2233 quavenerant
1549 2159 1716 2231 ignorabat.
1741 2159 1819 2216 Adeo
1843 2159 1919 2215 viam
2029 2207 2030 2230 ,

1099 2256 1206 2307 rectam
1219 2252 1241 2286 *ἵ
1255 2257 1283 2306 et
1306 2247 1493 2320 disciplinam
1517 2247 1682 2320 intelligere
1696 2248 1849 2304 debemus.
1866 2248 1920 2304 lta·
2029 2259 2030 2306 f

1098 2356 1155 2412 que
1171 2339 1265 2412 magis
1279 2340 1468 2411 preceptum,
1484 2340 1516 2391 ut
1529 2336 1633 2393 exinde
1648 2335 1920 2394 aliterincedareat.
2029 2405 2030 2408 Ἴ

1097 2430 1188 2486 Sicci
1213 2427 1270 2484 alia
1297 2426 1348 2482 illa
1369 2424 1481 2498 species
1506 2425 1528 2460 ⁸⁸
1545 2427 1647 2497 magis
1675 2441 1739 2498 qus
1768 2423 1920 2481 miraculis
2029 2449 2030 2477 r

1098 2521 1243 2589 operatur,
1273 2516 1362 2571 etiam
1395 2514 1537 2570 adversus
1566 2513 1662 2586 (deod.
1698 2515 1772 2582 vau).
1800 2513 1919 2587 Moysen

1098 2602 1417 2678 emutare,petientiam
1426 2603 1478 2658 Dei
1485 2602 1615 2659 traxitad
1626 2601 1815 2676 Evangelium
1827 2617 1920 2674 usque

1099 2697 1165 2767 tdct.
1181 2713 1243 2761 arn,
1264 2693 1319 2764 18).
1336 2696 1409 2749 Nam
1433 2691 1537 2747 exinde
1552 2695 1581 2746 et
1602 2690 1701 2747 Simon
1718 2690 1919 2762 Magnesiam
2029 2683 2030 2686 ’

1098 2784 1202 2852 fidelis,
1219 2779 1478 2856 quoniomsliquid
1491 2779 1633 2836 adhucde
1648 2778 1920 2837 circulatoriasccts
2029 2797 2030 2839 t

1098 2873 1247 2946 cogitaret,
1271 2875 1303 2926 ut
1330 2868 1532 2926 scilicetinter
1556 2867 1697 2924 miracula
1726 2867 1917 2940 professionis

1098 2980 1157 3020 suae
1172 2962 1259 3018 etiam
1276 2957 1417 3030 Spiritum
1438 2961 1573 3013 sanctum
1590 2973 1642 3030 per
1667 2972 1809 3014 manuum
1828 2956 1918 3029 impo-

1098 3052 1235 3108 sitionem
1258 3049 1335 3105 078
1363 3045 1559 3104 enundinaret
1583 3045 1650 3118 (34),
1679 3045 1854 3102 maledictus
1882 3043 1917 3100 ab

220 3131 332 3190 oriente
357 3136 501 3190 venerunt
527 3134 631 3206 (haut.
669 3139 712 3206 ιι).
749 3136 864 3194 Scimus
890 3140 991 3212 magle
1015 3125 1080 3198 etC
1100 3141 1247 3214 (totvm,
1269 3138 1315 3210 20)
1340 3135 1481 3210 apostolis
1505 3135 1541 3192 de
1556 3134 1612 3191 fide
1635 3135 1658 3170 ⁸⁹
1682 3135 1794 3206 ejectus
1809 3139 1855 3191 est
1871 3149 1879 3188 ι
1895 3135 1926 3188 ct

927 3292 1030 3354 Variae
1045 3291 1206 3355 lectiones.

262 3405 467 3466 ‘'TemSemt.
505 3409 728 3468 ⁴⁸Patentfua.
765 3414 923 3472 “Stellam
942 3423 1045 3476 Wcuac.
1062 3417 1095 3473 tl.
1112 3416 1140 3474 S.
1165 3414 1264 3488 ltipcft.
1303 3413 1326 3449 ⁸⁸
1354 3413 1567 3486 interpretetur
1589 3407 1692 3484 Ripalt.
1730 3410 1831 3468 “Non
1853 3409 1929 3468 abest

228 3478 314 3536 sent.
364 3479 386 3514 ⁴⁷
397 3479 510 3536 Sectam
523 3481 588 3536 fan.
626 3481 1045 3562 ”Aliamillamspcciem—
1059 3489 1299 3563 patientiaFran.
1339 3485 1362 3522 ‘⁹
1376 3483 1445 3541 Fide
1460 3483 1591 3555 dejectus
1603 3487 1648 3540 est
1660 3485 1724 3540 fan.
2029 3507 2030 3512 ¹

948 3630 1209 3696 Commentarius.

264 3742 320 3815 (27)
331 3745 522 3828 depellantur
535 3749 737 3806 mathematici.
767 3752 796 3808 Si
816 3752 884 3826 quis
898 3755 969 3827 hec,
983 3760 1048 3812 ten-

229 3830 318 3886 qaam
330 3817 447 3872 rnutrlra
461 3821 490 3873 et
504 3820 662 3892 superflua,
680 3823 768 3879 deleri
784 3841 800 3882 o
823 3831 917 3884 ortsre
933 3844 1050 3884 censue-

230 3887 276 3959 rit,
293 3886 381 3944 hebet
393 3905 459 3946 ecce
474 3907 520 3946 me
535 3893 789 4018 adstipulatorem.
834 3914 871 3953 ae.

113 4023 124 4034 “
252 3958 321 4040 Ι(28)
343 3960 436 4016 Primi
459 3961 546 4030 igitar
568 3971 610 4019 eie
625 3964 717 4021 torum
740 3969 910 4040 interpretes.
937 3968 1049 4025 Chalci·

229 4028 341 4112 drusio
358 4031 427 4088 Tim.
448 4031 520 4090 Plat.
538 4037 572 4090 ad
590 4036 691 4093 Osium
721 4039 939 4096 Cordubensem
955 4059 990 4096 cx
1006 4041 1049 4097 hi·

230 4105 323 4156 stone
337 4117 425 4173 quum
441 4111 524 4161 vocat
547 4110 723 4165 sanctiorem
748 4115 776 4166 et
796 4113 1048 4181 venerabiliorem,

1103 3758 1257 3826 Saturnus,
1273 3755 1329 3808 cte.
1347 3751 1466 3808 Frustra
1490 3753 1588 3808 sutem
1613 3767 1648 3807 ex
1662 3749 1717 3807 hoc
1737 3748 1802 3806 loco
1816 3747 1926 3806 Christi

1124 3826 1235 3882 enesim
1261 3821 1443 3880 estellarum
1465 3839 1553 3879 cursu
1576 3821 1671 3879 metiri
1701 3836 1787 3895 possa
1812 3825 1929 3877 conten·

1103 3842 1180 3954 5unt
1196 3895 1328 3954 homines
1353 3911 1485 3966 perverse
1512 3895 1631 3962 curiosi,
1649 3894 1727 3950 inter
1753 3909 1827 3964 quos
1843 3891 1928 3949 fami-

1104 3969 1173 4024 liam
1190 3971 1303 4025 ducuut
1317 3967 1420 4022 Petrus
1437 3967 1472 4022 de
1486 3965 1639 4033 attrectet
1650 3964 1845 4038 hieronymus
1859 3968 1928 4020 Cer·

1104 4043 1208 4098 danus.
1226 4040 1264 4095 La
1283 4043 1332 4094 Pa.

1139 4113 1196 4182 (31)
1218 4112 1250 4167 Et
1275 4110 1405 4181 cujusque
1427 4122 1463 4163 en
1490 4107 1583 4164 codem
1614 4108 1713 4164 ordine
1742 4109 1929 4162 mortuoram.

225 4171 277 4242 ait,
294 4178 359 4228 ortu
375 4174 466 4231 stellae
481 4179 636 4249 eujusdam
658 4197 714 4235 aon
742 4183 859 4238 morbos
884 4193 1050 4256 mortesque
1104 4182 1164 4238 Hoc
1178 4189 1233 4248 est,
1249 4197 1283 4237 ex
1298 4181 1400 4238 ordine
1415 4177 1465 4234 ilio
1480 4179 1646 4251 septenario
1665 4178 1863 4251 planetarum,
1877 4181 1930 4234 Sa·

207 4243 423 4316 denuntiatae,
447 4247 620 4306 descensum
644 4251 693 4306 Dci
724 4253 900 4310 venerahilis
933 4257 969 4312 ad
994 4255 1049 4314 hu-

1104 4256 1194 4310 turni.
1211 4252 1312 4308 Martis
1338 4249 1486 4320 Mercurii,
1502 4255 1531 4306 et
1545 4251 1574 4306 id
1603 4267 1697 4338 genus
1721 4248 1860 4316 aliorum,
1875 4247 1929 4322 qui

224 4321 1049 4399 menacenservationis,rerumquemortaliumgratiam
1104 4343 1161 4382 non
1179 4325 1231 4398 dii,
1245 4325 1296 4382 sed
1313 4297 1448 4380 homines
1464 4323 1668 4396 faerc,stJam
1684 4322 1803 4394 quidem
1819 4320 1931 4378 mortui
2029 4347 2030 4360 κ

223 4415 259 4426 —-
273 4389 401 4444 &sensu
415 4389 541 4448 Cnnrs‘ra.
559 4394 633 4466 Magi
650 4394 679 4448 in
705 4394 859 4467 Evangelio
885 4401 1047 4454 secandum

193 4507 195 4512 .
224 4455 417 4517 Mattheum:
438 4462 558 4520 Vidimus
582 4465 691 4520 stellam
706 4467 766 4534 ejas
789 4469 819 4522 in
846 4467 967 4526 Oriente.
985 4471 1044 4525 Pri-

209 4528 346 4602 ·masius,
362 4531 392 4586 in
409 4531 543 4590 haeresim
559 4534 849 4594 priscillianistarum
867 4555 873 4592 :
899 4541 1045 4614 adsigna
1062 4516 1084 4579 D

222 4595 331 4656 Christi
347 4603 382 4656 ad
399 4603 485 4675 signa
500 4605 674 4680 astrologica
693 4608 901 4681 migraverunt.
918 4633 932 4666 a
951 4612 1013 4668 arc.

258 4669 316 4744 (29)
339 4675 431 4729 Primi
452 4688 677 4734 muneraverunt.
706 4680 874 4738 Chalcidius
891 4699 898 4740 τ
916 4707 929 4734 o
960 4683 1045 4741 Chal·

211 4739 357 4799 ‘deorum
374 4747 502 4869 profecto
518 4749 666 4820 sapientes
682 4751 746 4820 viri,
764 4759 793 4810 ct
811 4755 1047 4813 consideratione

222 4825 322 4869 rerum
334 4833 375 4871 coe
389 4823 496 4874 esbum
513 4821 585 4876 satis
600 4823 761 4895 exercitati,
778 4826 919 4898 quesisse
942 4828 1045 4884 dicun·

220 4887 272 4938 tur
286 4892 430 4942 recentem
443 4895 539 4946 ortum
554 4892 605 4947 Dei
621 4911 629 4950 z
646 4905 817 5024 repertaltpue
827 4897 879 4953 itia
893 4900 1046 4970 majestate

220 4955 338 5039 puerili,
368 4967 520 5019 veneratos
535 4979 610 5031 esse,
627 4969 656 5021 et
671 4971 735 5022 vota

220 5032 333 5085 nasutas
349 5045 548 5105 nuncupasse.
565 5067 600 5076 -
617 5057 630 5086 u
646 5042 707 5094 Ilm.

242 5097 312 5177 ,i30l
336 5101 373 5184 De
397 5101 502 5186 Ctmsto
529 5108 634 5164 scilicet
653 5113 694 5164 eet
720 5113 850 5166 mathesis
874 5112 961 5168 hodic.
986 5113 1044 5168 Ho-

220 5166 332 5231 dierna.
358 5181 465 5256 loquat,
493 5179 635 5236 mathesis
668 5184 711 5234 est
734 5181 891 5254 disciplina
923 5183 1043 5241 Christi.

204 5235 310 5294 »Stella
325 5239 445 5311 Christi,
469 5246 522 5304 hoc
546 5255 601 5316 est,
631 5251 745 5319 genesis
769 5253 887 5326 Christi,
911 5255 1044 5328 exempla

218 5311 402 5439 ppnrppnallpta
417 5317 481 5388 ejus
506 5320 688 5378 observanda
703 5328 773 5379 sunt
797 5327 881 5383 nobie
896 5332 925 5383 et
939 5328 1042 5401 predi·

314 5424 320 5439 .
365 5400 402 5440 aa.

255 5457 345 5534 -700
368 5456 476 5514 Christo
504 5465 616 5520 scilicet.
645 5464 767 5530 fronioe,
795 5467 936 5524 mathesis
963 5469 1042 5525 enim

220 5521 336 5580 hadrec
364 5526 472 5585 Christi
488 5534 716 5607 disciplinando
732 5539 796 5606 est;
813 5540 883 5622 quia
898 5541 979 5596 nulla
995 5541 1042 5596 ho·

784 4985 817 5025 eo
841 4975 922 5027 tento
942 4987 1045 5027 conve·

219 5593 266 5651 dic
281 5596 367 5654 stella
382 5599 516 5661 Christus
532 5606 649 5663 dieitur.
667 5607 804 5664 Doctrina
819 5609 980 5670 illusorum
996 5617 1043 5668 est
1097 5625 1168 5668 mua

1104 4403 1197 4541 ΒῙὶξῖ)
1213 4468 1301 4549 ffsqac
1316 4465 1351 4522 ud
1369 4464 1559 4536 Evangeliam.
1588 4463 1629 4520 Ns
1653 4469 1735 4538 patet
1750 4463 1843 4546 lector
1857 4478 1931 4520 oon·

1100 4555 1211 4596 cessam
1228 4537 1336 4594 divinis
1351 4535 1478 4609 legibus,
1495 4535 1546 4592 sed
1560 4539 1676 4592 tantum
1692 4537 1844 4604 humanas,
1861 4534 1932 4606 quia

1100 4617 1167 4669 ants
1182 4609 1332 4667 Christum
1349 4626 1406 4665 aon
1423 4607 1540 4680 ponite,
1554 4607 1614 4664 imo
1636 4625 1687 4680 per
1711 4623 1815 4664 omncs
1830 4607 1930 4662 natio·
2029 4653 2030 4664 .

1102 4701 1154 4740 nes
1169 4687 1275 4755 vagata
1289 4680 1460 4750 insolenter,
1471 4684 1500 4735 et
1514 4679 1542 4733 in
1557 4678 1648 4751 pretio
1664 4695 1697 4737 ac
1712 4676 1928 4751 gloriahabita.

1101 4755 1201 4826 Neque
1216 4759 1317 4810 contra
1332 4751 1387 4808 hoc
1409 4755 1463 4818 est,
1479 4767 1650 4807 concessam
1674 4751 1768 4824 lingis
1792 4750 1929 4807 adorato·
2029 4735 2030 4784 Ῑ

1101 4827 1184 4882 ribus
1200 4825 1319 4893 Christi,
1336 4839 1402 4880 nam
1419 4822 1467 4879 isti
1487 4821 1600 4878 illaesi
1615 4826 1687 4879 sunt
1709 4839 1745 4879 ex
1769 4837 1851 4878 mera
1865 4820 1927 4894 pie·
2029 4831 2030 4836 ¹

1101 4903 1159 4954 tate
1171 4902 1198 4954 et
1214 4896 1364 4967 religione,
1380 4909 1437 4950 noa
1454 4897 1485 4949 ut
1501 4893 1563 4949 alia
1578 4899 1680 4966 gentes
1695 4894 1732 4952 ad
1748 4909 1823 4951 usas
1837 4891 1929 4948 mals-

1101 4970 1182 5026 fraus.
1199 4969 1255 5024 Sed
1277 4973 1306 5024 et
1326 4965 1519 5038 explicandus
1546 4965 1667 5022 feriali.
1697 4983 1764 5022 cam
1799 4965 1927 5021 aitcon·
2029 4973 2030 5028 ζ

1100 5057 1213 5098 cessam
1234 5055 1328 5113 usque
1348 5037 1384 5094 ad
1404 5035 1604 5109 Evengsfium,
1622 5037 1734 5095 scilicet
1754 5052 1929 5094 concessam
2029 5077 2030 5092 .

1100 5112 1313 5186 utplurimum.
1331 5109 1398 5165 Lao.

1135 5185 1191 5257 (33)
1207 5180 1373 5240 Clausulam
1387 5177 1608 5249 sacrificationis.
1624 5181 1661 5235 Ul
1672 5180 1776 5236 exinde
1790 5178 1929 5235 Christus
2029 5211 2030 5248 3

1099 5255 1199 5313 fideles
1214 5272 1285 5311 suos
1300 5252 1448 5310 abstinere
1462 5247 1588 5305 voluerit
1601 5251 1775 5323 pontificatu
1790 5254 1821 5307 et
1834 5265 1928 5306 seeu-
2029 5292 2030 5312 ,

1099 5327 1151 5383 fari
1173 5325 1275 5400 gloria.
1301 5322 1480 5392 Clausulam,
1504 5321 1562 5378 fide
1585 5326 1615 5379 et
1635 5324 1808 5380 terminum.
1833 5321 1927 5378 sicin
2024 5335 2030 5382 f

1097 5403 1197 5470 Scorp.
1214 5397 1263 5454 ubi
1276 5397 1404 5453 defoan.
1420 5393 1504 5467 iiapt.
1521 5409 1528 5449 :
1549 5415 1559 5442 ι
1576 5392 1715 5452 Clausala
1729 5395 1803 5468 legis
1818 5399 1929 5468 etpro·
2029 5405 2030 5452 Ἰ

1097 5471 1264 5542 phalarum.
1283 5490 1297 5517 n
1314 5471 1377 5523 Rae.
2029 5489 2030 5524 r

1132 5540 1189 5666 (34)
1203 5539 1339 5612 Spiritum
1353 5540 1480 5594 sanctam
1502 5551 1551 5606 per
1564 5551 1702 5594 manuum
1716 5538 1926 5621 impositionem
2029 5573 2030 5584 .

218 5665 269 5743 qui
284 5673 486 5746 cognominem
502 5679 617 5738 stellam
633 5679 801 5738 habuerunt
816 5687 848 5742 at
865 5683 991 5760 Jupiter,
1009 5686 1041 5742 ut
1096 5681 1157 5742 tius
1171 5682 1282 5743 crimen
1297 5683 1430 5744 damnat.
1446 5679 1500 5737 Sed
1516 5682 1544 5737 et
1555 5679 1697 5740 hodierne
1711 5675 1926 5741 nundinationi
2029 5687 2030 5730 f

1192 5611 1290 5668 inaret.
1311 5605 1596 5667 Convenientissimo
1615 5609 1705 5666 verbo
1733 5607 1866 5666 Simonis
1882 5606 1925 5661 is·
2029 5647 2030 5670 ,
