4156 6194
865 293 1130 356 secretalem
1153 293 1262 356 vire.
1860 294 1919 356 {08

211 310 268 371 tot

207 441 297 507 dere,
323 439 355 494 et
381 437 482 492 contra
510 445 598 505 quam
627 428 759 487 ltcclesim
784 427 964 484 consuetudo
992 443 1028 484 ax
1048 425 1190 500 ptiust.
1206 429 1355 485 KAP'l'Al'.
1372 427 1649 498 ΜΠΤΡΟΙΙΟΛΙΟΣς
1665 431 1766 502 utpote
1796 441 1855 500 qua
1883 423 1923 484 si·

206 527 365 588 traditione
395 525 424 580 ct
454 519 639 578 successione
667 516 868 592 apostolorum
904 516 1038 574 derivata
1093 517 1249 590 gnidostur
1279 519 1434 578 institutos
1462 519 1549 578 ludos
1572 516 1922 592 illcsCsrthagineeSe·

209 616 379 694 postulabat
393 611 567 686 prophetare
582 607 713 681 coepisse.
730 608 807 675 Quas
824 606 879 664 etsi
895 605 1035 662 adulteri·
1093 623 1159 665 vero
1175 611 1204 664 ct
1217 607 1365 666 Antonino
1380 608 1476 682 lmpp.

209 721 363 767 nssvcoes
386 701 508 775 quidam
534 699 737 772 agnoscentes,
768 711 805 752 ne
830 694 969 768 deinceps
997 695 1038 751 ita

211 796 344 871 garriret,
374 791 569 862 increparent,
598 787 674 843 inter
688 802 762 858 quos
776 784 906 858 episcopi
921 783 1037 841 Zoticus

213 887 346 945 Cumanas
361 881 422 938 eive
437 878 590 943 Ostrsnus,
611 880 640 933 et
667 874 806 932 Julianus
834 874 979 946 Apamea,
1009 876 1040 929 et

213 977 356 1048 martyres
384 984 501 1043 quoque
529 966 618 1022 (laius
647 968 677 1021 et
703 963 866 1020 Alexander
891 978 958 1019 cum
986 961 1037 1018 illo

1367 794 1442 836 ANNO
1463 795 1565 836 DOMINI
1584 794 1647 836 CCV.

1128 940 1142 1008 5
1167 937 1242 995 ΧΙΙΙ.
1268 939 1305 997 De
1332 939 1498 1014 quibusdum
1526 940 1656 998 sublestae
1677 937 1743 1010 fidei
1771 937 1860 1006 titre,
1889 935 1923 994 dc

213 1080 302 1122 sensu
329 1061 454 1132 ejusque
482 1054 595 1112 insanis
622 1051 738 1110 vatibus
766 1051 920 1110 liucimitlu
933 1053 959 1106 ct
973 1051 1037 1106 Pri·
1093 1027 1508 1129 39⁶02⁰⁶¹tlf⁸1d01d0201t¹irim
1535 1028 1567 1084 de
1591 1029 1692 1084 fluidas
1706 1027 1838 1084 muliebri
1851 1034 1877 1082 st
1891 1025 1925 1082 dc

212 1153 303 1222 scilic,
320 1151 495 1224 quasantaa
516 1143 685 1201 meretrices
712 1142 813 1199 eodem
844 1139 948 1218 spiritu
977 1141 1038 1198 dm·
1092 1117 1361 1188 Cultusimmssfflm·
1377 1117 1672 1188 dwbwfldflwr‘m,
1688 1115 1821 1172 “dietim
1839 1115 1922 1187 Alii·

213 1257 282 1299 mon
311 1234 494 1312 impleverat,
523 1233 559 1289 nd
588 1235 752 1290 extremum
781 1247 874 1304 usque
900 1229 1038 1302 spiritum

213 1327 433 1390 communicare
447 1326 618 1381 recusarent
634 1339 641 1377 :
656 1321 741 1395 pauci
756 1324 855 1376 tamen
883 1337 918 1377 cx
944 1319 1038 1394 Phry-

1093 1205 1226 1274 tetionoa,
1261 1205 1392 1263 adrerum
1424 1207 1626 1277 lisianopsucm,
1657 1205 1689 1262 dc
1721 1205 1836 1261 liuteric
1867 1203 1922 1260 lieo

1094 1300 1240 1356 matema.
1268 1295 1301 1352 dc
1330 1293 1417 1351 Consu
1444 1297 1546 1352 ouinrae
1564 1311 1600 1351 ec
1613 1293 1708 1351 cadmo
1722 1295 1851 1364 mmeriu,
1868 1293 1923 1348 cd-

214 1420 301 1495 gihus
316 1415 360 1472 illi
374 1415 524 1487 caeperunt
544 1411 702 1478 conserere,
731 1412 760 1466 et
785 1407 953 1466 Theodotus
979 1406 1039 1477 ille,
1092 1399 1187 1441 ”W
1218 1385 1435 1451 ''amimam'‘
1450 1384 1482 1442 ὼ
1496 1385 1606 1457 ΜΝ,
1622 1383 1654 1440 di
1667 1387 1720 1456 Sit
1735 1383 1868 1453 fidium·
1885 1413 1921 1424 -·

216 1519 252 1576 ds
280 1529 337 1586 quc
362 1528 461 1584 supra,
476 1511 541 1583 ejus
556 1507 764 1566 commentitie
780 1506 938 1581 prophetie
955 1507 1040 1579 quasi

216 1605 452 1680 procurationem
474 1597 613 1671 suscepit.
644 1596 698 1664 Oui
728 1595 797 1654 inda
824 1595 853 1650 in
883 1594 1041 1665 Galatiam,

217 1697 343 1754 Pontum
371 1695 400 1748 et
425 1689 524 1746 Asiam
552 1686 711 1760 progressi,
740 1685 829 1742 etiarn
843 1684 1041 1742 Alexandrum

219 1780 377 1857 quemdam
394 1778 451 1836 sihi
474 1778 682 1850 adjunxerunt,
698 1774 828 1832 convivio
857 1773 1043 1830 familiariter

220 1891 238 1931 a
252 1867 414 1928 Maximilla
428 1865 522 1938 excipi
537 1865 669 1932 solitum,
685 1862 865 1920 Alcibiadem
888 1863 1046 1936 quemdam

220 1965 250 2020 et
264 1957 491 2024 Themistonem,
508 1954 559 2028 qui
583 1953 656 2011 ialso
678 1969 709 2010 se
725 1952 906 2010 confessores
921 1956 950 2009 et
969 1969 1046 2009 mar-

220 2045 422 2125 tyraschristi
447 2043 633 2117 jactitabant.
664 2043 755 2115 idque
782 2041 837 2115 (vel
866 2042 898 2098 Β.
927 2041 1045 2100 llieron.

219 2156 287 2198 cum
312 2136 372 2194 illis
398 2131 608 2204 consentiente)
637 2131 692 2188 suh
721 2129 845 2204 imperio
873 2133 910 2187 ll.
935 2131 1046 2188 Aurelii

218 2225 418 2302 imperatoris,
441 2222 524 2280 initio
541 2221 729 2295 pontificatus
743 2225 772 2277 S.
789 2219 957 2278 Eleutherii.
973 2226 1046 2279 Nam

218 2319 253 2377 ad
269 2317 349 2374 hunc
362 2331 397 2372 ex
409 2312 512 2370 Galliis
526 2311 641 2368 litteras
664 2309 773 2368 tulerat
800 2311 832 2366 B.
862 2310 999 2380 ireneus,
1029 2328 1047 2369 e

218 2403 465 2481 Lugdunensibus
482 2417 549 2458 curn
564 2399 669 2456 litteris
683 2402 712 2455 S.
737 2399 837 2468 Attali,
862 2398 1046 2473 aliorumque

220 2500 382 2568 martyrum
412 2495 475 2548 tum
504 2489 601 2546 adhuc
630 2505 746 2545 carcere
773 2487 990 2560 conclusorum,
1015 2490 1045 2547 in

220 2586 321 2644 Asiam
336 2587 366 2641 st
379 2580 536 2654 Phrygiam
554 2579 674 2648 missus,
691 2576 734 2634 uti
749 2576 898 2649 iudicium
909 2577 1046 2636 Ecclesiae

222 2672 379 2731 Gallicane
393 2671 429 2728 do
444 2667 710 2742 pseudoprophetis
728 2667 847 2724 illorum
876 2683 909 2725 eo
939 2668 1047 2740 perier·

222 2768 275 2821 ret.
304 2763 385 2818 ldsm
408 2760 507 2826 etiam,
522 2773 587 2814 mea
601 2757 720 2830 quidem
737 2758 890 2828 sententia,
907 2758 1046 2816 Romulius

222 2855 363 2927 episcopua
395 2852 501 2906 litteras
531 2849 632 2921 pacis,
672 2846 902 2920 praedecessorum
933 2863 1047 2905 suorum

222 2941 385 3001 auctoritate
413 2942 508 3008 nicus,
537 2938 596 2994 iliis
624 2939 759 2994 recruduit
778 2937 862 3010 (tom.
879 2937 927 3010 Ill,
944 2937 995 2994 lib.
1011 2937 1047 2994 od

220 3035 370 3100 Prueenm,
386 3046 411 3086 c.
428 3029 466 3100 1).
482 3029 526 3084 An
541 3027 577 3084 ad
594 3025 648 3084 hoe
663 3030 835 3101 cooperatus
864 3027 952 3084 iuerit
979 3027 1046 3085 Pra-

221 3140 290 3181 xeas
316 3124 387 3177 tuoo
405 3117 502 3176 adhuc
517 3114 689 3182 catholicus,
705 3132 795 3189 penes
810 3121 959 3174 auctorem
974 3116 1047 3175 tides
1103 3165 1109 3176 .

221 3210 383 3269 esto.Certe
397 3223 455 3264 non
470 3205 568 3264 solum
583 3204 680 3262 Rome
695 3211 724 3262 et
737 3205 768 3260 in
783 3204 886 3262 Galliis
904 3205 1045 3280 episcopi,
1061 3199 1083 3268 C

223 3308 273 3364 sed
297 3307 386 3364 etiarn
415 3305 465 3378 qui
491 3305 592 3362 Asiam
621 3303 789 3361 incolebant
805 3321 1004 3378 sepenumero
1019 3309 1049 3362 st

223 3395 323 3454 multis
337 3395 367 3451 in
382 3393 454 3452 locis
470 3394 500 3451 in
515 3411 608 3450 unum
624 3395 839 3466 convenientes,
862 3394 1047 3470 prophetiam

224 3485 343 3544 illorum
358 3484 463 3542 islsam
480 3484 677 3557 explorarunt,
693 3483 896 3540 detestabilem
913 3485 1047 3542 ostende-

226 3579 306 3644 runt,
322 3577 351 3630 et
363 3572 565 3630 Montanistas·
585 3573 792 3630 communione
821 3573 985 3647 privarunt.
1014 3579 1049 3632 st

226 3680 293 3721 sero
321 3667 476 3720 Montanus
505 3662 674 3735 insanaeque
703 3663 767 3734 ejus
805 3663 992 3737 prophetides
1017 3666 1048 3722 in

225 3753 307 3812 iude
323 3756 448 3810 mortem
463 3751 623 3824 suspendio
635 3750 881 3820 interierunt,nou
898 3756 1047 3825 martyrim

225 3855 254 3910 st
266 3852 429 3908 Alexander
443 3849 492 3906 illo
506 3848 611 3922 Ephesi
627 3848 663 3904 ab
680 3849 794 3908 aemilio
817 3851 958 3909 Frontino
985 3869 1050 3925 pro·

226 3940 344 3998 consule
358 3944 477 4013 propter
491 3937 644 3994 latrocinio
658 3937 688 3994 in
699 3939 812 4011 iudicio
823 3942 1047 4010 condemnatus,

225 4046 294 4087 cunr
321 4027 395 4086 ialso
424 4044 456 4084 se
484 4029 642 4100 martyrem
671 4030 886 4100 praetexuissst,
902 4031 1049 4089 neusuie

225 4120 357 4193 quidem,
372 4117 423 4190 qui
437 4115 523 4185 latro,
552 4120 686 4189 receptus
714 4124 769 4174 est.
798 4117 930 4192 Denique
958 4121 1049 4178 'l'heo-

225 4211 312 4268 dotus
341 4205 400 4276 ille,
430 4204 567 4262 sublimis
594 4205 626 4261 in
645 4205 749 4262 omium
765 4225 782 4264 a
797 4209 928 4266 demone
943 4209 1047 4282 elatus,

224 4295 352 4354 Simonis
366 4295 442 4368 ltagi
456 4294 560 4366 instar,
576 4294 731 4366 derepente
746 4313 874 4370 preceps
896 4297 1046 4371 delapsus,

224 4387 266 4443 itu
281 4386 387 4441 misero
399 4385 489 4440 vitam
505 4383 591 4440 ilniit.
607 4384 698 4456 Atqui
726 4385 762 4441 dc
787 4387 936 4444 erroribus
965 4388 1047 4445 Mon-

1093 1473 1138 1529 23.
1168 1490 1194 1529 n.
1222 1490 1304 1529 rasio
1333 1490 1505 1532 semiulnae
1533 1489 1564 1529 ιι.
1594 1490 1628 1530 er
1655 1490 1688 1530 na.
1719 1487 1808 1528 Aramo
1837 1489 1872 1529 ιι.
1900 1487 1917 1526 r

1095 1578 1198 1618 unone
1224 1577 1303 1619 coss.
1333 1579 1358 1618 s.
1389 1562 1544 1636 Zephyrini
1561 1567 1643 1635 Papae
1659 1561 1781 1618 Romani
1797 1577 1874 1618 anno
1889 1577 1919 1631 v,

1095 1651 1192 1708 Seueri
1207 1651 1314 1724 imper.
1330 1668 1380 1718 ιιι,
1396 1651 1502 1725 partim
1533 1651 1686 1708 occasions
1715 1650 1785 1706 dicti
1813 1648 1927 1723 Pythici

1099 1739 1214 1813 agonis,
1240 1739 1425 1813 aliorumque
1440 1739 1636 1798 certaminum
1651 1739 1828 1812 Carthagine
1844 1737 1927 1793 exhi·

1061 1830 1085 1897 Β
1100 1828 1241 1900 bitorum,
1258 1827 1365 1901 partim
1384 1829 1462 1902 quod
1476 1830 1538 1901 jum
1555 1829 1660 1886 indicti
1675 1833 1775 1884 essent
1791 1827 1862 1885 Ludi
1877 1831 1929 1883 Se·

1102 1919 1216 1976 culares
1231 1918 1340 1989 Rome,
1357 1919 1393 1974 ad
1423 1933 1498 1991 quos
1527 1933 1578 1990 per
1601 1932 1749 1990 precones
1777 1913 1931 1972 conuocari

1101 2007 1236 2063 solebant
1259 2023 1373 2073 omnes,
1398 2009 1499 2079 utpote
1514 2022 1566 2080 qur
1581 2021 1635 2062 nee
1650 2004 1775 2078 spectati
1791 2019 1844 2061 nec
1858 2020 1927 2077 spe·

1100 2096 1200 2154 ctandi
1215 2095 1322 2152 iterum
1340 2097 1445 2168 iurent,
1462 2100 1495 2153 ut
1508 2094 1692 2153 Christianos
1713 2095 1749 2152 ab
1776 2109 1811 2150 aa
1838 2093 1932 2167 prola-

1100 2184 1195 2242 ctious
1224 2185 1393 2255 deterreret,
1423 2183 1542 2258 scripsit
1569 2188 1712 2241 Tsnruan.
1738 2185 1767 2239 et
1789 2182 1886 2240 Graece
1900 2187 1931 2240 et

1100 2275 1202 2330 hetine
1216 2273 1364 2347 insignem
1381 2272 1465 2329 illum
1481 2273 1589 2331 librum
1602 2278 1641 2330 De
1656 2287 1841 2330 soscracums
1855 2271 1930 2344 (tit.

1098 2362 1234 2436 despect.
1251 2379 1280 2420 ιι.
1312 2364 1324 2419 1
1355 2371 1382 2420 et
1410 2363 1545 2436 deinceps)
1572 2379 1630 2434 quo
1653 2361 1850 2435 pulcherrima
1879 2361 1931 2417 dc·

1100 2451 1192 2518 ducit,
1222 2451 1367 2525 quidquid
1397 2452 1432 2508 ad
1457 2450 1727 2524 lSpectaculcrum
1743 2465 1851 2521 genera
1865 2464 1932 2523 per·

1099 2540 1184 2613 tinet,
1201 2540 1238 2596 ab
1253 2540 1421 2598 idololatria
1437 2557 1522 2598 auam
1537 2540 1644 2598 habere
1657 2539 1810 2611 originem,
1840 2543 1932 2611 utque

1099 2630 1172 2687 adso
1187 2628 1364 2687 Christianis
1379 2630 1545 2687 interdicta.
1561 2629 1644 2686 Certe
1671 2629 1727 2686 hoo
1756 2645 1834 2686 anno
1850 2633 1929 2684 octa·

1100 2735 1202 2776 vorum
1218 2719 1363 2776 ludorum
1380 2718 1566 2775 saecularium
1591 2735 1608 2774 a
1634 2723 1738 2775 Severo
1766 2716 1929 2774 celebrato-

1100 2824 1166 2864 rum
1195 2825 1254 2865 non
1284 2808 1372 2864 modo
1401 2807 1601 2866 meminerunt
1627 2806 1806 2864 Censorinus
1825 2805 1876 2863 lih.
1894 2806 1932 2862 de

1100 2896 1152 2953 Die
1167 2895 1269 2966 dotali,
1286 2901 1315 2953 et
1330 2896 1402 2954 llicn
1419 2901 1448 2952 et
1462 2896 1655 2968 Herodianus,
1671 2911 1797 2969 quorum
1813 2895 1861 2952 hic
1880 2911 1933 2952 eos

1099 2985 1209 3042 vidisse
1224 2985 1383 3058 suscribit,
1400 2985 1451 3042 aed
1469 2986 1570 3057 etiam,
1586 2985 1714 3042 testibus
1739 2984 1833 3042 Fastis
1855 2985 1930 3041 Con-

1101 3073 1253 3132 sularibus
1270 3091 1277 3130 :
1294 3091 1361 3131 auor
1376 3089 1547 3132 acconense
1562 3091 1660 3132 ocravr
1676 3091 1720 3131 aa.
1737 3089 1884 3140 sermm,
1902 3077 1933 3130 st

1102 3163 1251 3219 invenitur
1262 3163 1324 3218 hec
1339 3162 1454 3219 nummi
1470 3162 1624 3236 inscriptio
1640 3177 1647 3220 ε
1664 3180 1698 3219 ιι.
1714 3179 1784 3219 aun.
1808 3177 1932 3221 auncur-

1102 3268 1159 3308 uus
1174 3268 1241 3309 aios
1255 3267 1491 3309 auosecumara
1506 3268 1592 3308 sacru
1604 3251 1829 3308 sc.llxistimant
1842 3251 1933 3308 stiam

1102 3357 1202 3397 arcum
1218 3341 1316 3398 Severi
1331 3339 1555 3413 triumphalem,
1572 3339 1623 3410 qui
1637 3342 1801 3398 etiamnum
1828 3343 1935 3413 exstet,

1101 3445 1135 3486 ea
1149 3429 1303 3486 occasione
1317 3428 1372 3486 hoc
1387 3445 1465 3486 anno
1479 3433 1621 3497 erectum,
1633 3428 1797 3486 Politiauus
1811 3433 1840 3486 st
1854 3427 1938 3486 Onu-

1102 3519 1217 3591 phrios,
1235 3520 1323 3590 cujus
1337 3518 1558 3592 inscriptionem
1576 3518 1666 3576 habea
1682 3533 1783 3591 supra,
1806 3533 1935 3590 quorum

1103 3612 1226 3680 uterque
1256 3607 1401 3665 latissime
1422 3611 1451 3663 et
1465 3607 1609 3680 originem
1625 3612 1654 3663 et
1669 3621 1773 3663 omnes
1787 3607 1862 3662 ritus
1876 3606 1936 3662 Sas-

1102 3697 1246 3754 oularium
1264 3698 1412 3754 Ludurum
1429 3695 1628 3769 prosequitur.
1644 3699 1679 3751 nt
1692 3711 1759 3752 vero
1785 3701 1847 3751 tam
1875 3694 1935 3753 late

1103 3786 1139 3842 de
1166 3787 1305 3842 omnihus
1333 3786 1471 3842 ludorum
1488 3783 1664 3857 spectaculis
1678 3786 1708 3841 in
1724 3783 1785 3841 illis
1799 3781 1932 3841 exhiberi

1103 3873 1199 3932 solitis
1212 3880 1314 3931 auctor
1327 3879 1442 3943 tractet,
1460 3879 1493 3930 ut
1506 3874 1563 3931 alio
1586 3875 1801 3947 Commentario
1828 3873 1932 3931 lectori

1103 3964 1217 4020 curioso
1231 3980 1289 4020 nou
1306 3964 1346 4020 sit
1360 3980 1443 4036 opus,
1460 3963 1587 4021 maxime
1598 3965 1623 4020 si
1638 3963 1772 4020 coosulat
1787 3967 1816 4020 at
1831 3967 1933 4020 Anno·

1102 4051 1228 4109 tationes
1243 4053 1481 4109 nostras.llcdem
1497 4069 1571 4126 pene
1586 4051 1932 4125 temporeocoscriptum

1102 4145 1219 4199 constat
1230 4141 1337 4198 librum
1349 4142 1390 4198 lla
1400 4158 1560 4211 rnoaarmr,
1577 4146 1678 4215 utpote
1688 4141 1718 4196 in
1731 4158 1791 4215 quc
1800 4145 1830 4197 et
1840 4141 1932 4213 hujus

1103 4229 1169 4287 libri
1179 4247 1211 4287 cc
1217 4233 1416 4304 persecutionis
1427 4230 1595 4288 meminerit
1604 4232 1674 4299 (Lib.
1684 4247 1717 4288 ιι.
1730 4230 1835 4288 deidei.
1847 4231 1930 4300 c.13,

1102 4320 1196 4387 n.ldt;
1209 4321 1252 4390 l.r‚
1263 4320 1299 4376 od
1316 4321 1397 4378 libor.
1409 4335 1434 4374 c.
1445 4321 1472 4376 7.
1485 4337 1516 4376 n.
1530 4321 1574 4390 lt;
1586 4319 1606 4376 l.
1616 4335 1637 4376 n
1652 4319 1687 4375 ud
1701 4321 1801 4378 ilucor.
1814 4334 1838 4376 c.
1852 4319 1889 4391 l);
1902 4324 1931 4376 et

1101 4407 1386 4468 Sotemoiodaeaurum
1397 4409 1432 4464 ad
1443 4407 1638 4466 idololatriam
1650 4409 1795 4481 pertinere
1809 4407 1928 4478 estruit,

223 4474 296 4542 iani,
313 4473 433 4572 infimi
448 4477 548 4546 ll⁰⁸let
562 4479 671 4530 Auvior
686 4474 800 4542 hillidii»
815 4475 892 4532 iniis
902 4478 1048 4549 P⁸l⁸d⁰¹⁸
1102 4496 1189 4552 sicuti
1205 4498 1292 4554 ctiam
1308 4497 1404 4553 multa
1418 4497 1487 4564 alia,
1503 4498 1531 4552 in
1549 4497 1657 4570 quihus
1673 4497 1784 4553 directe
1793 4497 1932 4554 consistit

224 4564 288 4636 sjns
302 4560 402 4618 latius.
420 4562 505 4618 Porro
521 4562 575 4618 hoo
589 4579 666 4619 anno
678 4568 748 4620 ante
763 4563 908 4622 Kalendas
932 4567 1048 4639 iunias,
1063 4572 1088 4638 Β
1102 4585 1247 4643 idolorum
1261 4586 1368 4644 gustu„
1386 4587 1416 4642 10
1432 4586 1569 4643 eumdem
1586 4601 1705 4659 quoque
1720 4603 1830 4642 annum
1855 4586 1927 4642 rofa.

223 4661 259 4718 ἃᾶ
288 4675 362 4732 ‘1⁰³⁸
390 4657 548 4730 incipiebat
571 4673 667 4716 &milli
682 4661 718 4717 ΧῙ
733 4661 841 4730 Severi,
854 4679 957 4721 censeo
973 4664 1048 4721 ⁸⁰⁰1·
1102 4674 1352 4742 rimuslibros‚lle
1367 4675 1471 4732 sesahc
1484 4692 1617 4732 semiassi
1633 4681 1662 4732 et
1677 4675 1719 4732 Da
1734 4691 1827 4733 cuano
1841 4691 1928 4731 rsur-

223 4750 393 4821 dissiill¹⁰d
414 4747 515 4804 flsslibst
541 4751 670 4808 Ᾰῦθῑθΐῑ
698 4752 805 4824 Aponus
831 4757 906 4823 ἰδίω,
935 4759 1047 4813 conim-
1101 4781 1354 4838 uanuu,quorum
1373 4764 1462 4837 priori
1479 4765 1604 4821 nimium
1621 4764 1929 4837 ornetum‚posteriori

222 4841 291 4897 tiore
316 4839 450 4894 solemnia
478 4846 504 4894 ct
517 4841 706 4909 superstitioso
719 4846 873 4901 certamina
889 4845 1047 4904 Graecorum
1101 4853 1194 4925 magis
1210 4852 1307 4926 capilli
1322 4859 1351 4909 et
1365 4854 1440 4910 cutis
1453 4870 1554 4911 curam
1570 4854 1750 4926 superfluam
1768 4853 1928 4926 reprehen-

221 4937 247 4986 et
275 4929 443 5000 religionum
471 4935 498 4982 et
525 4928 696 4999 arotuptotum
731 4937 837 5004 quanta
871 4937 967 5006 pretio
994 4936 1044 4992 09
1100 4941 1301 5012 ditvidentur
1315 4943 1417 4998 eodum
1433 4959 1510 4998 anno
1524 4942 1612 4999 etiarn
1629 4942 1788 5015 conscripti
1801 4941 1928 5000 ltilibri

221 5017 295 5074 istud
308 5017 438 5074 secutum
451 5017 576 5086 celebret,
592 5019 675 5074 etium
695 5022 800 5093 Atrium
828 5023 918 5095 liquit,
947 5024 1046 5084 Adbuc
1098 5031 1426 5088 aouaonsudquam
1443 5047 1510 5088 cum
1527 5029 1927 5106 prioriauuptiiseecundis

222 5104 420 5177 Curtiupiucm
443 5107 564 5174 stapulas
588 5110 711 5166 civitates
735 5113 904 5181 protelando
931 5117 1045 5186 inquie-
1098 5125 1214 5176 tantum
1229 5120 1409 5189 dehortetur,
1433 5124 1462 5176 at
1487 5119 1642 5193 posteriori
1672 5119 1777 5178 saltem
1806 5119 1927 5192 nuptias

221 5197 281 5252 tunt
306 5193 565 5266 occlamantes
589 5212 674 5268 spone
699 5208 759 5267 port
784 5201 868 5257 studii
880 5206 1044 5259 senectutem
1098 5224 1164 5264 cum
1180 5206 1340 5280 gentilibus
1355 5207 1521 5274 interdicat,
1536 5211 1721 5282 apperetsoa
1744 5213 1927 5282 conscriptos

220 5284 303 5355 (ibid.
320 5283 369 5339 lih.
387 5282 421 5340 ud
435 5284 527 5340 Gnosi.
543 5300 568 5340 c.
584 5285 624 5354 6.)
639 5289 713 5341 liam
738 5301 771 5342 so
796 5289 941 5360 pertinere
963 5289 1043 5347 vide·
1098 5300 1165 5352 ante
1177 5295 1300 5352 heresin
1316 5297 1454 5367 auctoris,
1481 5297 1616 5353 fortassis
1642 5297 1752 5368 Rome,
1783 5315 1841 5372 quo
1866 5300 1926 5355 irs-

218 5378 269 5430 tur
282 5372 333 5429 illa
347 5372 462 5428 nummi
476 5377 560 5428 votus
572 5373 726 5446 inscriptio
743 5391 750 5430 ι
768 5391 949 5434 ascensius
972 5395 1040 5438 auc.
1096 5389 1220 5457 quanter
1247 5385 1412 5440 discurrere
1440 5383 1515 5440 solet
1539 5385 1644 5443 saltem
1663 5388 1701 5444 ad
1716 5388 1878 5454 absentem,
1895 5392 1926 5445 et

219 5479 302 5520 soar.
320 5478 388 5517 usa.
400 5477 476 5516 rurs.
496 5477 556 5516 ror.
574 5477 600 5516 x.
618 5463 677 5518 sive
694 5479 701 5518 ε
717 5479 820 5520 anrou.
835 5481 913 5538 erus,
928 5484 988 5524 una
1008 5485 1043 5527 ex
1096 5479 1240 5548 quantum
1256 5477 1377 5548 apparet
1391 5490 1408 5530 a
1422 5473 1646 5546 valetudinario,
1663 5476 1772 5551 quippe
1786 5478 1837 5550 qui
1864 5477 1925 5550 pri-

218 5556 311 5626 parte,
341 5553 369 5607 et
396 5566 431 5606 aa
446 5548 554 5618 altem
572 5567 766 5609 cananaeam
781 5569 849 5610 roa.
866 5573 908 5612 ac.
926 5575 955 5614 n
970 5575 1042 5616 caa-
1095 5580 1176 5620 orem
1189 5563 1420 5621 admonitionem
1435 5568 1577 5639 tanquam
1591 5567 1652 5640 jam
1668 5567 1829 5626 mensurus
1845 5567 1924 5638 tena-

217 5659 357 5712 rnmnrr,
374 5640 445 5698 item
461 5641 490 5696 et
510 5637 609 5698 Greca
628 5639 679 5698 alla
695 5657 701 5697 :
718 5645 763 5698 al*
778 5643 837 5701 ital
856 5646 1040 5708 ΣΕΟΥΑΡΟΣ
1096 5661 1156 5712 tam
1169 5668 1202 5711 oc
1216 5652 1281 5726 fidei
1293 5655 1470 5714 ceramicum
1481 5660 1641 5731 nuncupet.
