4102 6178
156 280 231 343 reor
611 281 649 342 o.
671 281 721 344 nu
742 281 904 346 nonaur
926 282 1251 348 ossnavsrrouns
1274 257 1405 348 nova.
1782 284 1861 354 roos

156 413 384 473 ron.1ib.n1de
413 415 505 488 Orat,
536 432 566 489 p.
594 413 712 487 requio
742 416 799 489 37),
815 415 976 489 eooipistor
989 425 1017 492 Α
1034 415 1129 490 pergit
1140 416 1350 485 Tertullianus,
1364 416 1436 487 sive,
1452 421 1486 474 ut
1504 418 1534 474 in
1563 419 1673 476 nostris
1703 419 1856 480 codicibus

155 520 206 576 pro
223 506 340 574 ornatu,
356 505 503 577 quomodo
518 503 568 563 ille
583 521 752 562 asseverare
780 505 875 576 potuit
894 521 976 562 eum·
1032 507 1153 582 tegitur,
1170 511 1257 580 mata,
1273 507 1302 564 id
1318 512 1373 580 est,
1392 513 1452 566 tsm
1468 525 1558 582 parva
1575 513 1604 568 et
1629 509 1734 584 erigus
1747 516 1793 569 set
1806 529 1857 571 aa·

154 593 300 649 demesso
316 593 543 651 christianorum
556 593 734 652 instruetum
744 597 862 652 lNonne
877 595 978 652 eodem
1032 598 1142 654 steriles
1157 597 1287 655 hominis
1304 599 1338 654 od
1348 599 1513 670 eruendum
1527 599 1630 670 (ibid),
1651 601 1742 658 iidem
1755 601 1855 676 legum

154 681 184 737 in
194 683 370 757 Apotepetieo
380 683 674 741 etbnioorumluxum
685 683 837 757 arguendo
847 682 976 740 dixerat:
1032 703 1095 743 sse
1110 686 1239 744 latarum
1254 688 1429 758 custodiam,
1452 692 1556 744 uttam
1574 689 1658 746 laoilo
1672 688 1733 746 tetii
1750 692 1854 764 possit,

154 772 585 847 oHabitu‚viotu,instruotn,
607 789 698 833 osnsu
728 773 843 847 proavis
869 789 977 830 renun·
1032 777 1604 848 quemabomnibosoontemni.Eaest
1627 779 1703 836 enim
1731 781 1855 838 humani
1913 820 1917 837 .
2032 805 2035 826 ι

153 861 275 918 tinstis?
291 885 302 912 ι
321 863 423 934 (Idem,
438 863 567 936 Apolopet
579 880 643 936 esp.
659 864 687 932 6,
703 880 732 936 p.
760 862 835 936 305.)
859 864 979 918 Constet
1031 865 1142 940 ingenii
1156 865 1325 938 infirmitas,
1340 865 1479 939 utnullus
1495 867 1641 926 bomoills
1650 867 1752 927 omnis
1760 869 1856 942 possit

152 955 264 1019 autem,
295 956 328 1007 ut
348 952 411 1024 ipse
434 956 567 1020 testatur,
597 952 683 1025 longe
713 952 855 1023 mojorem
887 949 978 1007 luisse
1031 955 1196 1029 previdere,
1220 955 1411 1029 queoeteris
1438 957 1578 1014 omnibus
1607 958 1686 1016 bons
1711 962 1740 1016 et
1764 956 1853 1026 mala,

151 1038 382 1097 obristionorum
401 1039 431 1095 in
446 1039 493 1097 his
508 1041 646 1098 omnibus
661 1039 870 1114 frugalitatem.
887 1037 977 1095 Nobis
1031 1052 1082 1100 aut
1096 1060 1213 1118 semper
1223 1061 1364 1101 mansura
1374 1049 1453 1102 sunt.
1466 1047 1560 1103 Tanta
1570 1046 1850 1121 verolmproborum

154 1127 256 1201 itaque
271 1128 350 1186 baud
361 1145 436 1202 egre
451 1129 677 1202 persuadebitur
691 1128 775 1185 illum
800 1127 890 1202 priori
914 1126 977 1184 leod
1031 1137 1076 1191 est
1087 1133 1211 1201 malitia,
1227 1138 1260 1190 ut
1274 1133 1394 1206 plurimi
1410 1151 1511 1207 poenss
1526 1135 1807 1208 pruvnriestoribus,
1835 1153 1853 1194 a

151 1216 188 1271 ds
211 1217 299 1274 rebus
318 1217 450 1274 looutum
474 1234 549 1288 esse,
565 1234 628 1292 que
644 1217 680 1274 ad
693 1217 919 1274 sustentandam
934 1215 978 1272 vi·
1032 1222 1854 1297 quoeunquebomsnslegeindietes,baudditiieiliter
1916 1251 1921 1260 ·

150 1309 213 1362 tam
228 1306 398 1364 necessarie
413 1310 494 1374 sunt,
511 1310 539 1364 et
554 1306 662 1380 quibus
682 1305 847 1376 obristiani,
874 1322 977 1379 quem·
1031 1314 1191 1372 dedinent.
1731 1329 1734 1334 ·

149 1395 313 1452 admodum
341 1394 448 1469 plebeii
476 1399 527 1453 aut
551 1396 744 1455 modestiores
773 1395 882 1453 etbnioi
912 1399 976 1452 ute·

151 1483 274 1542 bantur,
1067 1446 1204 1505 Pluribus
1215 1453 1355 1522 proterea
1362 1447 1504 1522 exemplis
1513 1448 1716 1507 Tertullianus
1726 1453 1856 1511 ostendit

1031 1535 1118 1609 longe
1131 1536 1318 1610 perleotiores
1332 1550 1398 1594 esse
1411 1536 1658 1606 christianorum,
1675 1555 1763 1612 quam
1780 1556 1855 1614 gen-

185 1573 560 1647 Atoertequsmvisidem
582 1579 661 1631 esset
688 1573 918 1633 christianorum
947 1578 978 1632 st
1045 1624 1083 1638 ,,
1298 1624 1305 1637 .
1436 1627 1442 1638 ,
1581 1628 1587 1640 ,
1690 1629 1696 1642 ,
1760 1629 1767 1642 ,
1833 1630 1841 1643 ,

149 1662 307 1736 gentilium
317 1664 423 1732 vietus,
436 1669 464 1721 et
479 1663 614 1737 vestitus,
625 1665 788 1738 eademque
807 1665 836 1721 in
858 1663 976 1738 poblioo
1030 1625 1139 1788 ἓξὲξ
1153 1625 1857 1776 ¹33⁵&iEZ¹rZ¹J¹mN32¹uzgczd35mdfdengggggqss:

1104 1757 1133 1785 ¹2
1333 1759 1342 1786 r
1572 1758 1579 1780 ν
1793 1759 1800 1774 ·

149 1751 666 1827 vivendi,atquesgendiratio;ab
689 1753 736 1810 bis
765 1758 864 1812 tamen
897 1752 977 1810 Gbri·
1036 1806 1041 1818 ,

148 1842 240 1899 stisni
254 1841 525 1916 distinguebantur,
540 1847 568 1900 et
578 1843 699 1917 agnosci
726 1841 812 1900 ineile
839 1845 975 1916 poterant

149 1929 295 2004 singulari
309 1931 466 2002 modestia,
482 1930 634 2006 patientia,
651 1935 679 1990 et
691 1930 883 2006 pristinorum
895 1930 976 1989 vitio·

149 2037 218 2076 rum
246 2021 459 2079 emendatione.
488 2021 587 2094 Neque
609 2021 640 2079 id
669 2021 884 2094 incompertum
913 2023 976 2082 eret

149 2110 323 2183 gentilibus,
338 2127 413 2184 quos
429 2110 537 2168 ideireo
554 2117 656 2168 suotor
675 2115 776 2168 noster
799 2108 880 2166 bisce
895 2125 975 2166 eom·

148 2199 242 2272 pellat
266 2199 381 2256 verbis:
399 2221 413 2252 u
442 2201 484 2257 lis
510 2198 669 2274 disoiplina
696 2197 844 2274 patientie
870 2198 976 2257 divlnee

148 2303 235 2360 ogere
249 2303 303 2345 noe
319 2287 393 2346 setis
408 2288 600 2346 manifestum
614 2304 679 2345 esse
692 2287 775 2345 vobis
790 2290 897 2361 potest,
907 2304 974 2344 eum

147 2381 233 2436 tantu
249 2377 401 2434 bominum
416 2377 588 2449 multitudo,
604 2395 673 2451 pars
688 2393 762 2450 pene
787 2378 881 2448 mqjor
902 2375 974 2436 eivi-

147 2466 221 2523 tatle
236 2466 393 2539 eujusque,
408 2466 439 2522 in
468 2464 587 2524 silentio
611 2471 640 2524 et
673 2465 819 2525 modestia
844 2464 972 2538 agimus,

148 2553 259 2628 singuli
275 2555 349 2614 torte
364 2555 427 2612 noti
442 2555 547 2629 magis,
558 2572 647 2628 quam
658 2571 761 2613 omnes
774 2572 781 2612 ε
792 2569 844 2611 nec
855 2551 974 2610 aliunde

147 2644 227 2702 tm
243 2645 338 2718 magis
358 2644 526 2714 noscibiles,
542 2644 683 2718 quamde
712 2642 917 2702 emendatione
931 2641 972 2703 vi·

146 2733 258 2790 tiorum
274 2755 289 2785 »
303 2733 431 2805 (Tertull.
449 2731 487 2792 ed
500 2731 612 2807 Scapul.
629 2750 693 2807 esp.
708 2733 748 2806 2).

181 2819 269 2878 Tales
281 2820 372 2895 igitur
385 2825 545 2880 tumerent
559 2820 725 2892 ohristisni,
740 2837 866 2894 quorum
881 2818 973 2889 major
1026 2800 1055 2856 Ρ·
1066 2784 1112 2854 ⁴3⁹
1126 2781 1178 2884 lif·
1193 2783 1211 2835 ⁷
1227 2787 1256 2839 θ*
1266 2781 1325 2882 ,42)
1342 2783 1398 2839 ¹⁴⁰¹
1426 2781 1528 2856 itaque
1550 2783 1650 2841 divine
1677 2800 1736 2841 non
1760 2787 1849 2844 modo

146 2913 221 2978 erat,
239 2927 327 2984 quam
343 2909 740 2983 gentilinmnumerus.Neo
767 2910 970 2980 mirumsane,
1026 2871 1215 2941 “dummumr
1248 2874 1326 2928 ⁸⁸⁰¹¹l
1349 2870 1491 2940 humfflr
1520 2871 1572 2929 ⁸0⁶
1600 2875 1745 2929 wltreiam
1769 2874 1848 2931 018

145 2999 171 3056 si
189 2999 688 3074 “mpiummcwmquevivendi
710 3015 815 3072 geum·
831 2996 886 3054 etsi
903 3013 970 3053 cum
1026 2967 1184 3035 quoqueet
1215 2959 1361 3018 oooultam
1390 2960 1544 3018 ooulorum
1574 2961 1845 3034 oonoopisosntiam

145 3088 273 3146 ethnicis
285 3087 430 3163 permisti,
444 3092 703 3159 oonseotarentur;
729 3085 970 3160 quandoquidem
1025 3051 1172 3125 mmm·

145 3169 1008 3252 nihilsntiquiusobariusquehabebant,quamiissano·G
1061 3181 1551 3248 pdhaeove„0‚10¹hummn0n
1575 3183 1751 3242 malefloium
1780 3186 1847 3260 qui·

144 3268 273 3326 tissimis
287 3269 410 3342 obsequi
426 3267 552 3343 legibus,
568 3284 642 3342 quas
658 3263 865 3325 noueraotsibi
880 3281 898 3322 a
911 3264 970 3322 Deo
1025 3275 1103 3346 dem,
1119 3273 1171 3330 ssd
1194 3271 1309 3345 intorta
1338 3269 1482 3347 permittit
1509 3270 1652 3330 ultionem
1669 3291 1676 3330 :
1711 3271 1757 3331 lex
1779 3293 1846 3334 vero

144 3360 172 3414 st
202 3357 318 3414 Christo
344 3356 466 3415 Domino
483 3359 579 3425 dates,
608 3362 637 3414 et
665 3355 804 3414 omnibus
830 3351 970 3412 humenis
1026 3363 1215 3420 divinavetat
1242 3361 1404 3434 ipsummet
1431 3359 1653 3435 maliloquium,
1677 3367 1706 3418 st
1731 3363 1847 3435 iniuria)

1029 1893 1071 1950 ita
1085 1893 1116 1951 in
1130 1893 1267 1952 omnibus
1282 1893 1392 1951 nostris
1408 1893 1558 1951 oodieibus
1568 1899 1598 1951 et
1613 1895 1853 1955 editionrbosen·

1028 1983 1136 2056 tiqots:
1153 1984 1202 2040 sed
1220 1983 1318 2056 priora
1334 1984 1421 2040 verba
1442 1981 1568 2056 Rigaltio
1593 1999 1651 2041 non
1667 1982 1852 2058 placuerunt,

1030 2072 1180 2146 scribique
1199 2072 1305 2148 jussit:
1323 2072 1394 2142 Quid
1420 2071 1532 2146 plenius
1546 2073 1651 2130 dietum
1674 2085 1726 2131 aar.
1752 2073 1852 2133 Voluit

1030 2161 1116 2235 pooul
1132 2160 1221 2218 dubio
1232 2162 1336 2234 purius
1350 2166 1379 2219 et
1404 2162 1590 2219 emendatius
1610 2161 1778 2235 loquentem
1805 2165 1849 2222 la-

1029 2265 1093 2306 oere
1111 2248 1337 2307 Tertullianum.
1354 2251 1388 2306 tt
1401 2249 1428 2307 si
1442 2249 1640 2320 lexhumana,
1657 2251 1755 2324 inquit
1783 2252 1850 2324 iste,

1029 2339 1165 2412 probibet
1178 2336 1365 2408 adulterium,
1390 2337 1437 2394 lex
1465 2338 1564 2394 divina
1593 2343 1672 2396 aroet
1696 2339 1785 2397 etiam
1814 2341 1851 2398 ab

1029 2426 1184 2485 oculorum
1198 2428 1331 2485 solitario
1346 2427 1569 2500 concupiscentie
1583 2427 1686 2501 (ibid).
1701 2428 1781 2486 Dixit
1806 2445 1850 2486 so-

1029 2516 1136 2582 litario,
1150 2516 1180 2572 id
1210 2519 1265 2583 est,
1281 2514 1651 2582 solaseoretsetoooulta.
1678 2517 1727 2574 Sto
1750 2518 1850 2576 Cioero

1027 2605 1166 2661 virtutem
1182 2603 1343 2661 solitariam
1359 2619 1424 2661 esse
1439 2621 1498 2661 non
1510 2620 1598 2677 posse
1612 2605 1729 2678 usserit,
1745 2611 1775 2664 et
1795 2623 1850 2664 na·

1026 2697 1124 2752 turam
1140 2692 1213 2750 nibil
1227 2709 1326 2750 amare
1354 2693 1522 2750 solitarium
1548 2693 1652 2766 (Gieer.
1672 2693 1706 2752 de
1736 2696 1847 2754 Aenios.

990 1798 1015 1866 B
1031 1807 1165 1862 irasceris
1179 1804 1325 1878 quidem?
1340 1827 1355 1856 »
1371 1805 1475 1876 (uarie.
1504 1805 1576 1877 v‚³t
1593 1809 1623 1862 et
1646 1807 1742 1880 seqq.)
1760 1809 1855 1882 Atque
1974 1799 1983 1814 ⁴

143 3443 970 3521 ¹⁰⁰8⁰Plae⁸l³¹1ll⁰l0ffi0¹¹⁰d(luidflffll'lfflmblsssum
1023 3455 1117 3512 vieem
1141 3453 1261 3510 reddere
1290 3452 1476 3526 (Tenediam,
1492 3453 1535 3510 loe
1552 3454 1623 3524 eit).
1643 3456 1680 3511 At
1701 3460 1846 3528 quantum
1947 3508 1949 3517 .

144 3539 265 3593 auctore
283 3540 381 3592 nostro
397 3536 583 3609 probandum
596 3535 753 3593 lucumblt·
1024 3559 1058 3602 ea
1074 3541 1270 3600 lexbumanoe
1283 3540 1504 3614 praeallatjam
1516 3541 1628 3601 anobis
1642 3543 1713 3601 alibi
1724 3548 1847 3604 annote-

1024 3637 1089 3690 tum
1117 3635 1163 3688 est
1178 3631 1328 3702 (Dissertot
1350 3632 1380 3686 in
1407 3630 1506 3687 Minui.
1522 3647 1586 3704 oap.
1609 3633 1651 3705 13,
1680 3637 1725 3690 ert
1747 3633 1794 3704 IV,
1818 3635 1848 3691 et

1024 3719 1215 3780 obseratio
1239 3721 1375 3786 lactant,
1409 3736 1472 3793 esp.
1496 3719 1542 3791 56,
1568 3725 1622 3777 art.
1654 3721 1715 3780 let
1738 3724 1846 3798 seqq).

145 3787 287 3859 ΟΜΝ
312 3785 535 3842 Ch'mwmm
565 3786 635 3856 ΜΨ
659 3785 827 3858 Wsmfm
848 3799 898 3838 Μ
926 3789 968 3837 ‘⁸²'
1023 3811 1086 3868 Non
1103 3809 1246 3865 diffitetur
1260 3813 1358 3864 tamen
1373 3807 1570 3865 Tertullianus
1586 3810 1848 3886 bonasesseques·

177 3857 799 4004 Ζᾙῗεῧᾞαιξᾶῗῖὥὲηέἕῶἑκὲἷξΐ
810 3855 970 3983 :ma
1023 3901 1092 3958 dam
1107 3898 1261 3955 bominum
1276 3895 1366 3969 leges,
1382 3896 1432 3952 sed
1445 3897 1595 3954 contendit
1611 3897 1663 3954 bas
1674 3900 1845 3974 desumptas

181 4003 359 4060 Christianis
373 4003 422 4074 qui
443 4000 547 4059 idcirco
577 4001 680 4057 botulos
706 4014 804 4058 cruore
824 3997 967 4066 distentos,
1023 3989 1115 4046 luisse
1132 4003 1167 4044 ex
1181 3982 1604 4057 divinisMoysisetiorumqos
1632 3987 1844 4060 prophetarum

178 4075 237 4131 sibi
251 4074 286 4130 ab
313 4074 428 4130 ethnicis
442 4073 556 4146 oblatos,
571 4074 629 4145 ipso
639 4073 701 4128 vite
728 4069 862 4143 periculo,
890 4067 969 4126 edere
1022 4076 1254 4149 libris‚qu0rum
1281 4072 1501 4145 antiquitatem,
1530 4079 1676 4147 utsupra
1702 4077 1842 4150 vidimus,

179 4147 361 4204 fumabat&
1021 4170 1108 4224 antea
1122 4162 1296 4237 probaverat
1307 4161 1397 4233 (Sopr.
1415 4176 1479 4233 esp.
1496 4160 1522 4234 l,
1537 4164 1592 4218 art.
1604 4161 1642 4233 l).

176 4291 251 4345 cum
268 4286 370 4360 religio
379 4286 547 4344 Christiane
560 4304 579 4343 a
591 4303 660 4344 vero
674 4291 741 4354 Deo,
756 4287 880 4359 ejusque
894 4283 968 4341 Filio
1057 4307 1120 4367 No„
1137 4305 1234 4364 „opum
1249 4307 1347 4361 autem
1363 4302 1468 4360 divin„
1483 4301 1557 4376 1031„
1572 4303 1666 4375 major
1681 4307 1736 4369 egi,
1752 4320 1843 4377 quam

141 4376 269 4432 fundato
283 4374 503 4448 constitutaque
517 4375 566 4446 sit,
582 4391 685 4432 omnes
700 4373 801 4448 prooul
828 4373 918 4432 dubio
932 4371 967 4430 il·
1021 4398 1158 4455 humana
1193 4393 1322 4466 effectio,
1347 4407 1448 4448 mm
1472 4391 1561 4449 epam
1585 4391 1755 4449 amman,
1783 4392 1843 4452 Deo

140 4464 298 4538 linsleges
313 4463 535 4538 perfectissimo
550 4478 614 4521 esse
637 4464 754 4520 debent.
771 4463 967 4531 Quamobrem
1023 4413 1215 4543 quippenilil
1231 4465 1349 4540 penitus
1364 4464 1452 4532 latet;
1482 4467 1512 4520 st
1539 4463 1649 4521 violata
1677 4462 1751 4537 legis
1783 4481 1843 4524 auu

140 4553 319 4612 Tertulliani
334 4559 468 4627 tempore
482 4551 541 4610 illie
555 4552 714 4610 Christiani
730 4570 763 4610 eo
778 4554 882 4624 mqjori
898 4570 969 4611 oure
983 4543 1008 4610 D
1023 4574 1099 4627 reos,
1115 4555 1191 4615 siout
1206 4553 1292 4628 paulo
1303 4557 1372 4611 ante
1387 4552 1553 4622 doeuimus,
1569 4552 1685 4610 eternis
1700 4569 1752 4626 pro
1782 4571 1844 4612 me·

141 4643 469 4718 obtemperabantquo
484 4642 967 4701 oertiusnoverantensesselatos
1022 4648 1077 4703 rito
1092 4642 1247 4718 suppliciis
1271 4642 1395 4714 castigat
1411 4640 1513 4715 (leid).
1529 4643 1566 4698 At
1589 4641 1713 4714 bomini,
1742 4646 1844 4702 oontre

141 4732 178 4788 ab
195 4731 297 4790 omnis
309 4732 437 4801 ridente,
448 4735 478 4789 et
492 4731 702 4804 omnipotente,
733 4732 783 4804 qui
813 4731 920 4790 ideireo
949 4749 967 4789 a
1020 4737 1099 4810 teges
1114 4734 1259 4792 humanas
1275 4729 1548 4806 agentieontingit,
1563 4734 1595 4787 ut
1615 4731 1785 4806 pleramque,
1803 4732 1845 4790 eit

142 4821 262 4878 oenims
278 4837 402 4893 prorsus
422 4835 475 4877 neo
503 4819 574 4885 tolli,
591 4835 645 4876 neo
671 4819 794 4894 impune
817 4821 966 4880 contemni
1020 4827 1130 4883 Aootor
1142 4827 1252 4894 noster,
1263 4821 1293 4876 ia
1307 4821 1435 4876 admissis
1451 4818 1613 4890 deliteseat,
1629 4819 1672 4878 vel
1683 4819 1843 4897 illasspsr-

141 4913 250 4980 petest.
276 4909 376 4967 Palem
390 4909 490 4982 itaque
505 4913 606 4966 euotor
620 4912 719 4966 noster
741 4909 886 4968 universis
915 4913 965 4970 de·
1022 4919 1120 4973 natea
1146 4911 1294 4981 volontate,
1310 4906 1357 4966 vel
1370 4909 1529 4965 necessitate
1548 4909 1729 4982 delinquendi
1756 4911 1842 4982 (Ter-

141 4997 283 5055 nontist:
301 5020 314 5049 o
327 4999 561 5055 Innocentiama
589 4997 647 5054 Deo
675 4997 780 5068 edooti,
806 5001 963 5073 perfectam
1021 5002 1138 5062 tullian.
1155 5001 1306 5074 Apoleprt„
1328 5014 1391 5071 oep.
1405 4997 1449 5068 45,
1466 5014 1494 5070 p.
1512 4997 1585 5069 497).
1602 4999 1637 5054 ur
1648 4997 1706 5054 beo
1721 4999 1842 5072 quidem

455 3695 614 3735 annicetus
628 3695 659 3736 11.

139 5098 208 5142 enm
225 5087 372 5156 novimus,
389 5089 421 5142 ot
440 5103 458 5143 a
476 5085 604 5160 perleoto
630 5087 771 5160 magistro
795 5089 963 5160 revelatam,
1021 5093 1155 5151 eodioum
1171 5091 1377 5147 nostrorumst
1390 5085 1535 5143 editorum
1563 5087 1652 5144 rerba
1666 5087 1709 5146 sio
1733 5089 1843 5146 immu-

139 5177 170 5230 st
185 5173 314 5232 fideliter
325 5176 523 5245 custodimus,
540 5179 574 5232 ut
588 5175 624 5232 ab
638 5175 894 5252 inoomtemptibili
920 5179 963 5236 di·
1020 5183 1094 5240 tavit
1109 5179 1254 5256 Rigaltius
1266 5194 1272 5233 :
1286 5177 1328 5232 Ex
1355 5175 1527 5232 inorientes
1550 5177 1592 5232 uel
1620 5178 1780 5236 necesitate
1797 5178 1843 5236 de-

139 5267 275 5334 spootore
304 5265 506 5322 mundatum»
530 5263 651 5337 (Tertul.
676 5266 811 5340 Apotopet.
837 5285 900 5342 esp.
930 5270 965 5326 lo
1022 5273 1167 5346 linquenti.
1178 5267 1284 5326 Sedibi
1295 5264 1375 5324 nulla
1386 5265 1515 5321 indiosta
1532 5263 1623 5323 ullius
1638 5265 1747 5324 eodiois
1764 5269 1845 5326 varis

139 5365 170 5422 p·
187 5352 263 5426 498).
1021 5361 1156 5431 leetions,
1172 5357 1308 5415 observat
1335 5357 1467 5412 tentum:
1499 5353 1540 5409 der
1567 5355 1740 5413 irruotuntete
1765 5356 1844 5414 idem

172 5441 214 5496 At
227 5441 348 5499 sancite
364 5459 382 5500 a
396 5441 469 5501 solis
494 5441 667 5501 hominibus
693 5442 773 5519 leges
801 5447 964 5507 ethicorum
1019 5467 1085 5509 esse
1101 5466 1135 5507 ae
1150 5464 1231 5505 essu.
1248 5445 1323 5514 Quid
1334 5459 1414 5518 ergo,
1430 5441 1457 5500 si
1478 5443 1677 5502 Tertullianus
1693 5445 1752 5502 bae
1780 5461 1845 5502 ver·

137 5527 230 5600 plane
252 5534 324 5589 sunt
346 5529 526 5606 imperleotes
548 5535 732 5606 possuntque
761 5534 797 5592 ab
826 5539 965 5598 omnibus
1019 5543 1068 5609 bs,
1087 5556 1123 5597 ex
1152 5537 1292 5595 uoluntate
1316 5533 1375 5591 illis
1393 5535 1534 5606 opponat,
1562 5533 1609 5590 oet
1635 5534 1847 5591 anroenitate

136 5615 263 5692 impune
292 5623 403 5696 sperni,
431 5621 612 5695 lobstsotsri,
627 5621 745 5684 violari:
767 5628 839 5686 Nom
849 5632 963 5704 quanto,
1019 5625 1134 5704 (lereti
1148 5625 1251 5688 Nonne
1265 5623 1314 5686 bio
1328 5624 1408 5684 illius
1423 5637 1530 5683 sensus
1545 5637 1609 5682 esse
1624 5625 1736 5697 potest:
1754 5621 1845 5682 tlomo

286 5749 421 5820 Parnes.
442 5748 469 5816 1.
1671 5748 1711 5814 32
