4156 6194
242 349 303 414 {39
781 337 1043 402 nissttu'ra'rto
1065 336 1118 399 nu
1139 337 1246 400 vulta
1265 340 1411 404 AEusstt
1893 351 1947 412 tto
2055 341 2056 346 ¹

240 482 317 553 loco,
331 478 382 537 ubi
397 477 440 535 val
456 475 539 534 nnita
552 478 598 533 est
610 474 655 532 val
670 473 761 532 dubia
776 473 840 546 slus
854 472 947 530 etatis
962 471 1064 545 suspi-
1080 471 1108 542 Α
1123 471 1224 546 quisae
1239 472 1418 548 palestram,
1435 475 1465 533 in
1481 491 1540 550 qua
1552 476 1671 536 videbat
1684 495 1804 554 operam
1819 498 1947 556 esposse

242 573 297 644 cin,
326 569 411 639 alias,
439 565 569 624 indicata
596 563 707 622 ratione
736 561 904 633 dubitandi,
932 566 1066 621 veterum
1125 562 1264 620 omnibus
1276 565 1341 637 ejus
1356 564 1472 638 generis
1489 566 1748 628 exercitationibus
1763 571 1846 628 dare.
1865 576 1947 630 Acce

240 661 314 720 illud
331 676 338 716 :
354 661 417 716 Non
428 657 526 730 liquet,
542 655 781 728 interponemus,
796 653 869 710 aliae
884 654 1068 725 conjectura·
1123 651 1167 708 dit
1182 653 1219 710 ad
1234 653 1289 711 hoo
1305 671 1364 712 non
1388 655 1522 714 omnium
1547 659 1646 726 modo,
1662 659 1713 733 qui
1741 660 1778 717 de
1805 662 1893 719 rebus
1912 663 1946 721 ad

241 767 308 809 rum
324 751 493 807 nostrarum
507 745 652 803 rationem
674 745 833 802 reddemus
859 741 1041 816 probabilem
1059 758 1068 798 r
1124 757 1192 800 eum
1208 744 1426 817 pertinentibus
1441 748 1630 806 commentati
1646 753 1728 819 sunt,
1746 749 1897 810 sitentium
1912 755 1945 812 de

242 841 295 911 sic,
310 843 343 896 ut
358 840 393 895 de
407 836 480 894 locis
496 834 617 908 reliquis
633 833 759 908 singulis
775 834 920 892 universe
934 831 1068 890 dieamus
1123 848 1167 902 eo,
1185 835 1264 906 quod
1279 836 1314 894 ad
1333 835 1501 911 religionem
1518 838 1673 913 pristinam
1689 839 1944 916 redierit,sedipsa

243 931 302 988 tria
317 927 497 1000 attingemus
513 922 695 982 brevissime.
712 926 839 981 Primum
849 921 1068 997 disputabimus
1122 921 1213 980 etiam
1227 925 1387 1000 Augustini
1403 927 1547 1000 protessis
1569 931 1619 1003 (lis
1643 931 1805 1002 haeresibus,
1822 949 1886 1005 cap.
1901 934 1944 1004 86)

243 1020 279 1077 de
293 1033 381 1086 anno,
399 1031 456 1090 quo
482 1013 520 1070 ad
543 1012 736 1072 Montsnietss
761 1012 963 1072 Tertullianus
987 1014 1066 1070 dete·
1124 1015 1315 1090 omniumque
1338 1033 1512 1088 consensus,
1538 1019 1589 1091 qui
1613 1020 1680 1090 sius
1699 1020 1944 1078 auctoritatemin

241 1109 314 1167 oerit
327 1107 394 1178 (erit
414 1105 493 1162 enim
518 1105 584 1172 boo,
614 1105 693 1161 unde
717 1105 857 1162 constitui
878 1093 981 1178 possit
996 1108 1067 1162 artas
1122 1104 1265 1162 doctrinis
1280 1107 1440 1179 probandis
1455 1108 1611 1166 admittere
1626 1111 1794 1181 noluerunt,
1809 1112 1943 1184 quoniam

240 1213 342 1256 eorum
357 1196 512 1266 librorum,
539 1209 666 1266 quorum
694 1209 752 1251 non
778 1193 912 1251 doctrina
936 1194 1066 1268 quidem,
1122 1193 1159 1248 ed
1188 1209 1323 1266 perverse
1352 1195 1539 1254 sentientium
1567 1203 1666 1272 partes
1709 1217 1741 1257 se
1760 1201 1943 1261 contulisset.

186 1299 188 1311 ¹
238 1281 498 1356 sedataspatet);
516 1281 616 1338 deiude
635 1281 928 1354 videbimus,utrum
957 1282 1068 1340 Tertol·
1122 1281 1305 1355 Nequedum
1321 1287 1813 1362 sententianostrapuguantlibri
1838 1290 1858 1346 ii
1875 1307 1945 1364 quos

237 1370 719 1445 liunusnunquamadsaniorem
736 1372 1066 1443 mentemredierit,sed
1122 1386 1190 1428 eum
1206 1373 1311 1436 ultimo
1329 1375 1387 1432 tore
1401 1375 1464 1433 loeo
1479 1377 1635 1450 scripsisse
1666 1378 1871 1448 ostendamus,
1899 1381 1946 1453 qui

238 1460 382 1520 manserit
410 1457 543 1533 partibus
572 1459 700 1516 Montani
736 1465 877 1535 perpetuo
904 1461 1065 1520 addictus:
1121 1476 1195 1532 pene
1210 1475 1311 1518 omnes
1322 1462 1698 1536 aliquashabentmaculus
1715 1484 1847 1524 errorum
1863 1467 1946 1526 Mon-

236 1554 373 1626 postreme
388 1548 607 1608 admonitiones
622 1549 768 1622 quasdam
790 1551 945 1608 universas
959 1569 1065 1626 propo·
1120 1548 1325 1608 tanisticorum
1343 1554 1539 1626 asperserasit
1555 1555 1644 1629 igitur
1658 1556 1720 1613 baeo
1735 1573 1769 1613 ea
1784 1557 1813 1613 in
1830 1575 1861 1614 re
1876 1575 1946 1631 pre-

239 1656 355 1711 nemns,
371 1656 387 1697 e
402 1639 512 1712 quibus
526 1636 592 1710 quis
608 1638 772 1713 intelligere
788 1639 891 1713 possit,
905 1657 942 1698 an
967 1641 1027 1699 sint
1050 1658 1066 1699 e
1120 1638 1227 1711 ceptio,
1253 1644 1285 1696 ut
1306 1657 1409 1698 omnes
1432 1641 1481 1698 isti
1504 1643 1573 1700 libri
1597 1643 1802 1703 existimentur
1824 1647 1861 1702 ab
1885 1647 1946 1719 ipso

239 1727 413 1788 Tertulliani
437 1726 524 1784 libris
548 1726 663 1785 nonulli
688 1729 869 1787 Tertulliano
901 1729 1063 1788 orthodoxo
1120 1729 1411 1798 postdiscessionem
1436 1747 1521 1788 suam
1546 1733 1697 1802 elaborati,
1723 1751 1797 1807 qous
1821 1740 1941 1808 apparet

238 1818 369 1894 quidem,
386 1819 438 1876 sed
454 1818 490 1874 ad
505 1817 737 1876 Montanismum
761 1817 927 1888 inclinanti,
949 1823 1001 1876 aut
1016 1819 1065 1878 isti
1079 1843 1103 1910 B
1120 1821 1186 1890 post
1201 1819 1275 1877 alios
1293 1819 1383 1878 tuisse
1396 1822 1587 1896 compositos,
1604 1825 1654 1898 qui
1669 1824 1795 1883 istorum
1811 1841 1942 1884 errorum

238 1923 353 1978 omnes,
369 1906 420 1982 qui
431 1922 534 1964 aarum
544 1922 679 1964 errorum
695 1907 768 1964 dant
782 1908 1062 1982 suspicionem,Ter-
1113 1911 1247 1980 'possunt
1259 1907 1338 1966 baud
1354 1909 1442 1968 dubie
1457 1912 1602 1969 convinci.

237 1995 363 2054 tullieno
374 1995 438 2070 jam
452 1995 540 2068 plane
554 1993 681 2053 alienato
696 1996 898 2069 adjudicandi.
1043 1999 1045 2004 ’

1117 2042 1173 2112 §i
1190 2071 1226 2086 —-
1249 2043 1387 2112 Quomodo
1409 2044 1595 2102 Tertullianus
1619 2047 1811 2104 licutcnrsons
1833 2064 1851 2104 c
1874 2049 1944 2105 tion·

237 2130 253 2206 g
267 2131 294 2188 3,
309 2159 345 2174 -.
360 2131 488 2200 Quonam
512 2144 585 2186 anno
611 2129 800 2186 Tertullianus
823 2130 858 2186 aa
880 2134 1063 2190 mmmmm
1152 2115 1271 2199 tenutas
1288 2115 1411 2172 discerni
1422 2119 1531 2188 possit?
1543 2119 1577 2174 st
1591 2117 1674 2191 liujus
1689 2119 1862 2176 discriminis
1879 2122 1939 2178 oin·

271 2201 426 2276 defecerit?
441 2202 547 2284 Utrum,
562 2201 606 2258 liis
620 2201 735 2269 relictis,
759 2217 790 2258 se
811 2202 900 2260 denuo
921 2203 957 2261 sd
971 2205 1062 2261 ortio-
1152 2185 1233 2242 ‘¹¹⁶⁸ae
1247 2186 1378 2244 “dimit
1392 2187 1607 2262 flilim‘mntm·

272 2276 358 2334 ΜΝ
372 2276 514 2347 immi·
1153 2304 1193 2357 st
1208 2306 1278 2358 sunt
1301 2302 1441 2375 permulti
1466 2319 1481 2360 e
1505 2304 1678 2362 Tertulliani
1696 2303 1791 2376 libris,
1819 2283 1941 2378 quorum

273 2393 406 2459 Quonam
428 2405 495 2447 raro
520 2405 597 2448 anno
626 2389 785 2463 contigisse
814 2390 949 2448 dicemus
972 2391 1060 2449 istam
1117 2393 1189 2446 stae
1204 2407 1272 2447 eum
1287 2391 1471 2448 curiosorum
1489 2409 1612 2450 acumen
1637 2394 1844 2467 subterfugiat,
1860 2393 1941 2452 nulla

236 2478 410 2539 Tertulliani
429 2477 644 2536 detectionomr
671 2479 730 2536 lico
753 2479 874 2552 quidem
900 2496 953 2536 nec
968 2485 1064 2554 potest
1117 2477 1239 2547 habent,
1260 2480 1318 2536 nisi
1341 2481 1477 2553 quedam
1505 2498 1638 2539 errorum
1668 2483 1943 2542 Montanistioorum

238 2567 384 2640 exipsius
399 2583 453 2624 neo
473 2565 598 2624 sanlius
624 2567 779 2640 cujusdam
804 2567 956 2641 scriptoris
979 2569 1062 2626 testi·
1117 2567 1241 2640 vestigia
1256 2568 1480 2642 sibiimpressa,
1496 2587 1512 2628 e
1527 2571 1636 2643 quibus
1657 2571 1704 2628 vix
1728 2578 1826 2630 tamen
1850 2577 1944 2646 potest
2055 2635 2056 2642 ,

238 2655 337 2714 monio
357 2656 490 2730 percipi:
505 2671 601 2728 neque
623 2655 818 2726 Hieronymus
840 2673 874 2714 eo
898 2659 977 2730 quod
992 2658 1063 2714 dicit
1112 2656 1252 2729 judicari,
1269 2674 1412 2730 quosnam
1428 2655 1519 2716 libros
1533 2665 1612 2727 ants,
1627 2677 1774 2733 quosnam
1792 2663 1918 2735 postdef
1932 2693 1944 2706 ·

239 2745 281 2820 (in
298 2746 375 2803 libro
389 2743 423 2803 de
439 2746 510 2803 Viris
524 2745 693 2814 illustribus,
724 2762 788 2818 cap.
805 2746 852 2813 53,
866 2745 897 2803 in
924 2746 969 2804 io.
998 2746 1061 2804 Alb.
1116 2745 1941 2822 ottonemsuamadMoutsnistasconscripserit.Unde
2055 2811 2056 2814 ,

239 2833 364 2892 Fabricii
376 2833 547 2891 Bibliotheca
561 2835 753 2905 secianustrce,
769 2851 799 2907 p.
822 2835 895 2908 125).
922 2836 1064 2892 Tertullie·
1118 2833 1298 2906 factumest,
1315 2840 1357 2905 ut,
1374 2837 1426 2909 qui
1440 2836 1497 2894 ista
1512 2837 1667 2897 substilius
1678 2840 1943 2910 querunt,Tertut-

237 2941 306 2982 num
319 2940 404 2998 usque
417 2924 453 2980 orl
468 2923 589 2981 medium
602 2927 723 2996 etatem,
736 2924 863 2982 decuriae
874 2925 1064 2998 presbyterum
1117 2922 1231 2980 lienum
1247 2923 1439 2982 ltmtuuistum
1454 2927 1688 2984 adoutoaiscute
1700 2926 1944 3000 distinguendum

235 3014 511 3087 meurisse,justam
540 3014 680 3070 dutviem
710 3013 774 3085 ejus
803 3013 845 3070 rei
872 3013 1063 3083 inveniende,
1118 3028 1183 3070 esse
1207 3012 1286 3069 haud
1308 3014 1407 3086 inepte
1425 3013 1565 3072 dicerent.
1592 3015 1649 3072 Sed
1672 3014 1755 3072 aliter
1778 3017 1873 3072 visum
1898 3021 1945 3076 est

237 3103 608 3178 quoniam,qusndonatrrs
620 3107 788 3159 mortuusve
799 3101 838 3159 sit
852 3101 1062 3172 Tertullianus,
1117 3101 1162 3160 Jo.
1178 3102 1256 3159 duit.
1275 3103 1457 3175 liclimanno,
1475 3104 1647 3162 doctissimo
1663 3104 1733 3161 olim
1746 3103 1775 3162 in
1790 3106 1945 3163 Academa

239 3208 364 3264 quamve
379 3195 495 3248 estatem
510 3190 648 3264 attigerit,
665 3207 723 3246 non
753 3189 824 3246 satis
851 3196 976 3248 constat.
1007 3192 1062 3248 Sed
1078 3209 1100 3278 c
1119 3190 1321 3263 Vitebergsnsi
1350 3191 1485 3248 Historia
1513 3193 1635 3262 doctori,
1667 3193 1729 3266 qui,
1758 3209 1825 3250 eum
1856 3194 1886 3250 in
1911 3211 1946 3251 ea

237 3287 281 3337 est
296 3279 393 3352 aliqua
406 3278 498 3352 bidus
513 3278 554 3335 rei
570 3278 747 3350 reperienda
763 3278 837 3334 ratio
852 3279 909 3335 sita
933 3279 962 3335 in
979 3277 1064 3337 libris
1120 3284 1198 3336 esset
1213 3279 1369 3347 sententia,
1386 3284 1418 3337 ut
1433 3281 1564 3338 crederet
1579 3281 1679 3338 omnia
1692 3281 1947 3355 Tertulliani,quae

239 3367 287 3438 iis,
302 3383 441 3442 quorum,
457 3367 508 3440 qui
519 3383 551 3424 se
566 3365 715 3438 excipiunt
727 3367 869 3438 temporis
885 3367 998 3437 ordine,
1013 3367 1064 3426 alii
1119 3373 1290 3440 supersunt,
1307 3369 1337 3424 in
1352 3368 1548 3425 Montanismo
1569 3371 1679 3442 scripta
1703 3371 1804 3441 tuisse,
1820 3371 1873 3428 boo
1888 3371 1946 3429 sibi
2055 3365 2056 3436 ζ

242 3456 325 3515 nulla
337 3456 448 3514 habent
461 3454 651 3512 Montanismi
666 3454 853 3528 vestigia,elii
864 3455 941 3513 haud
957 3473 1063 3530 pauca.
1119 3455 1384 3513 demonstrandum
1400 3455 1607 3514 dissertatione
1621 3458 1765 3531 singulari
1777 3463 1947 3530 sumpserat

240 3545 332 3619 Atqui
346 3561 400 3602 noe
415 3545 605 3602 ostendemus
619 3560 673 3600 suo
688 3543 762 3601 loco.
774 3542 872 3602 nullos
887 3561 951 3602 esse
961 3562 1062 3604 eorum
1118 3545 1303 3617 (Vitebergae,
1320 3544 1411 3616 1739).
1428 3545 1589 3617 tequidem
1605 3545 1726 3618 pulchre
1748 3547 1944 3620 perspiciens,

241 3635 291 3708 qui
305 3633 415 3692 librum
430 3634 463 3692 de
477 3633 581 3692 Corona
594 3633 706 3690 millitis
721 3633 984 3704 antecesserunt,in
997 3636 1064 3708 qui·
1119 3634 1144 3690 si
1169 3634 1227 3689 ista
1249 3632 1399 3690 subtilitas
1423 3633 1637 3703 admitteretur,
1662 3635 1943 3694 demonstrationem

240 3725 298 3782 bus
313 3724 369 3782 iste
383 3725 415 3782 de
429 3725 537 3782 Animae
551 3722 714 3780 Teesimonte
730 3721 853 3779 ultimus
868 3728 941 3793 sst,e
956 3725 1064 3796 quibus
1119 3738 1204 3778 suam
1218 3720 1330 3793 aliquid
1356 3737 1421 3778 essa
1442 3722 1610 3780 detrimenti
1633 3729 1799 3796 capturam,
1826 3725 1944 3798 negavit

244 3812 379 3887 quadam
389 3811 577 3869 Montanismi
591 3811 767 3884 significatio
792 3811 916 3883 eluceat,
941 3814 991 3870 uc
1014 3816 1064 3872 sed
1118 3811 1174 3868 boc
1190 3811 1307 3868 admitti
1325 3811 1484 3868 discrimen
1508 3829 1604 3885 posse.
1621 3835 1636 3864 «
1659 3815 1763 3870 Cerere
1778 3813 1857 3870 euim
1873 3815 1940 3884 boo,

243 3903 308 3974 ejus
322 3901 364 3959 rei
379 3903 477 3977 prima
491 3918 555 3960 esse
574 3900 698 3974 vestigia
721 3902 751 3956 in
777 3900 876 3959 libello
897 3903 935 3959 de
959 3903 1065 3961 Corona
1119 3900 1159 3958 ait
1173 3903 1197 3972 (e'
1212 3901 1238 3970 i,
1256 3916 1283 3971 p.
1296 3899 1351 3970 17),
1367 3899 1476 3956 finibus
1491 3901 1754 3968 certis,neominus
1767 3904 1943 3977 ambiguum

242 3991 351 4050 militis.
368 3992 457 4051 Porro
472 3991 593 4065 planum
609 3990 848 4058 iaciemus,'hunc
862 3992 894 4047 Α.
911 3989 967 4048 uct
983 4010 1065 4050 man·
1118 4006 1183 4046 esse
1198 3988 1310 4044 vultum
1330 3989 1556 4046 Montaniaantis
1581 3995 1609 4047 et
1631 3990 1825 4063 Montanista,
1849 4008 1943 4064 quam

243 4082 345 4140 datum
367 4081 458 4138 luisse
485 4079 695 4147 litimiacum
726 4078 801 4136 liber
832 4080 868 4136 de
902 4082 1066 4139 Testimonio
1118 4079 1193 4150 ejus,
1210 4077 1416 4150 quioegrotare
1440 4076 1553 4150 incipit,
1577 4082 1606 4134 et
1629 4080 1805 4150 agrotantis.
1823 4103 1838 4131 u
1860 4081 1944 4138 lum
2055 4103 2056 4106 ¹

242 4174 349 4232 animae
363 4171 402 4228 sit
416 4171 588 4228 iersversus
602 4168 690 4225 finem
706 4170 738 4224 Α.
750 4167 854 4224 cxcix
870 4172 1064 4242 compositus;
1118 4167 1178 4238 Ego
1193 4182 1259 4222 sero
1274 4164 1460 4222 vehementer
1470 4165 1583 4238 dubito,
1600 4168 1688 4240 quod,
1701 4168 1773 4240 quid
1782 4167 1839 4224 sibi
1852 4169 1946 4226 velint

242 4263 322 4319 unde
340 4259 420 4318 baud
449 4258 569 4317 diidoile
590 4257 647 4314 erit
666 4255 828 4329 intellectu,
851 4257 1064 4318 Tertullianum
1119 4255 1170 4328 qui
1185 4255 1226 4311 ita
1240 4253 1411 4326 loquuntur,
1427 4254 1620 4312 Hodrnannua
1635 4255 1820 4324 intellexerit,
1836 4259 1944 4315 autin-

243 4366 320 4408 nnno
336 4350 395 4407 iere
409 4353 441 4405 P.
458 4351 487 4406 C.
504 4349 538 4406 N.
555 4347 606 4405 cc.
623 4363 654 4404 se
669 4347 915 4404 Montanistarum
931 4349 1065 4421 partibus
1118 4342 1250 4416 telligcre
1263 4341 1395 4400 voluerit.
1412 4365 1426 4394 u
1441 4343 1541 4400 Libros
1565 4345 1643 4401 enim
1663 4345 1834 4403 Tertulliani
1859 4347 1946 4404 Mon·

242 4439 422 4511 adjunxisse.
437 4440 473 4495 nt
488 4435 593 4510 majori
608 4452 679 4493 sane
694 4434 858 4493 difficultati
881 4436 1067 4497 obnoxiaest
1118 4431 1287 4504 tuditantia,
1303 4431 1405 4502 adjicit
1419 4433 1459 4505 (p.
1476 4433 1531 4502 18),
1547 4432 1621 4490 forte
1639 4449 1704 4490 esse
1719 4451 1769 4491 eos
1796 4435 1848 4510 qui
1874 4436 1944 4509 qui-

242 4526 334 4583 altera
348 4527 471 4599 qaeestio
487 4543 496 4583 τ
511 4531 622 4596 utrum,
637 4524 783 4598 susceptis
799 4524 890 4580 semel
906 4525 1064 4585 Montanis-
1118 4523 1184 4578 dem
1207 4521 1338 4577 Montani
1360 4520 1548 4594 dogmatibus
1571 4522 1672 4579 iniecti
1693 4528 1774 4593 sunt,
1795 4524 1847 4581 sed
1863 4531 1946 4584 rente

240 4618 338 4671 tarum
354 4613 513 4683 erroribus,
526 4629 678 4685 nunquam
695 4611 893 4669 Tertullianus
909 4631 940 4670 ee
953 4615 988 4671 ad
1003 4616 1062 4687 pri·
1117 4611 1278 4668 sentientes
1300 4625 1357 4664 non
1382 4610 1551 4682 exagitans;
1577 4610 1761 4668 Montanistae
1785 4629 1864 4684 vero,
1887 4617 1944 4687 qui

241 4703 355 4760 atinum
370 4706 477 4759 caetum
492 4702 632 4772 receperit
646 4701 660 4756 i
673 4702 763 4774 Cujus
782 4705 880 4758 tamen
894 4705 1062 4774 questionis
1116 4697 1251 4755 haeresim
1265 4715 1323 4754 non
1339 4697 1435 4754 solum
1446 4698 1719 4772 continent,verum
1734 4701 1823 4759 stiam
1837 4709 1946 4762 contra
2055 4693 2056 4698 ¹

241 4791 421 4849 affirmanda
437 4789 518 4847 nulla
532 4794 578 4846 cst
591 4790 698 4846 idonea
712 4787 874 4846 ratiuNarn
890 4806 924 4846 es
937 4795 999 4848 erut
1013 4793 1061 4852 isti
1116 4787 1281 4845 Catholicos
1302 4788 1473 4844 detendunt.
1491 4809 1506 4839 u
1522 4787 1577 4845 Sed
1603 4788 1688 4847 nobis
1711 4789 1809 4866 iisque
1832 4792 1883 4865 qui
1899 4794 1947 4850 ita

239 4880 353 4937 homini
368 4878 1061 4953 austeroetsupramodumrigidoinsitaunimi
1115 4877 1292 4951 loquuntur,
1305 4877 1381 4949 quod
1397 4894 1450 4951 ego
1473 4875 1593 4950 quidem
1617 4878 1722 4952 sciam,
1749 4881 1900 4953 omuibus,
1917 4883 1947 4940 is

235 4967 432 5040 imbecillitas,
463 4973 505 5039 ut,
539 4985 597 5041 quo
639 4967 753 5024 seviore
781 4972 891 5037 essent,
934 4985 998 5042 qus
1022 4970 1060 5027 ad
1115 4967 1223 5024 dicitur
1240 4966 1487 5040 puusautesrs,qui
1512 4967 1632 5039 quidem
1647 4983 1760 5027 errores
1775 4985 1843 5027 cum
1857 4971 1946 5028 ilion·

233 5057 325 5118 vitem
340 5073 496 5130 moresque
516 5056 705 5130 pertinerent,
730 5071 764 5113 eo
788 5055 883 5130 mag's
906 5055 965 5114 ista
990 5059 1059 5116 ada·
1114 5056 1418 5114 tunistisoommuues
1439 5055 1483 5114 vel
1508 5072 1610 5113 omnes
1634 5057 1723 5116 babet
1744 5058 1789 5116 vel
1811 5058 1944 5134 aliquos,
2055 5117 2056 5126 ,

234 5151 339 5216 maret,
355 5147 544 5220 crederetque
560 5149 641 5202 tanto
670 5145 765 5220 magis
781 5147 903 5218 probata
925 5147 986 5204 tore
1001 5147 1058 5205 Deo
1113 5147 1164 5204 end
1181 5146 1221 5202 its
1233 5150 1343 5212 tamen,
1360 5149 1393 5201 ut
1407 5149 1507 5218 spreta
1521 5146 1691 5203 eorumdem
1707 5165 1858 5205 sacrorum
1869 5166 1944 5206 cum

234 5240 263 5293 et
281 5235 496 5294 consentientia
519 5251 587 5292 eum
612 5233 843 5291 Christianorum
869 5235 1057 5307 perfectione.
1112 5251 1168 5292 sua
1181 5233 1533 5303 Ecclesiacommunione,
1543 5234 1674 5292 nondum
1688 5253 1720 5294 se
1732 5236 1892 5294 contulerit
1902 5239 1945 5295 ad

233 5328 339 5399 Atque,
354 5329 388 5382 ut
401 5324 497 5382 solent
510 5323 532 5380 ii
548 5324 598 5396 qui
614 5327 678 5379 atra
692 5321 750 5378 bile
764 5327 916 5393 vexantur,
929 5325 1057 5383 tenacio·
1104 5323 1245 5396 'ejusdem
1261 5322 1412 5379 societatis
1427 5339 1521 5392 sacra,
1537 5339 1663 5395 quacum
1676 5324 1705 5381 in
1722 5325 1875 5384 nonnuliis
1886 5327 1944 5384 dn·
2055 5377 2056 5386 ,

232 5431 280 5473 res
295 5431 360 5472 esee
383 5429 485 5473 eorum
514 5412 659 5480 omnium,
688 5427 751 5483 que
779 5412 961 5471 nutrimento
989 5422 1057 5472 sunt
1110 5411 1213 5470 ctrinis
1228 5411 1382 5478 consentit,
1399 5425 1465 5466 oum
1489 5410 1669 5470 Montanista
1691 5413 1742 5485 sit,
1756 5416 1808 5488 qui
1825 5419 1947 5472 utrum·

230 5497 367 5573 tristitie,
384 5517 544 5574 eorumque
559 5501 713 5574 opiniones
725 5515 791 5556 com
818 5501 905 5558 annis
921 5520 994 5559 noua
1008 5519 1056 5560 ca·
1110 5517 1167 5575 que
1183 5498 1291 5556 iecerit.
1309 5501 1345 5554 st
1358 5497 1416 5555 ista
1430 5498 1549 5571 quidem
1571 5500 1767 5562 tiottmannus
1790 5505 1876 5562 certis
1893 5521 1948 5562 oa-

228 5609 298 5668 psre
314 5593 516 5650 incrementa:
533 5591 575 5645 ita
589 5593 634 5646 est
648 5603 753 5662 parum
769 5589 921 5660 credibile,
937 5590 1054 5648 Tertul-
1109 5606 1171 5648 rere
1186 5589 1256 5646 dicit
1270 5587 1390 5644 tinibus.
1406 5588 1450 5646 Sit
1465 5590 1506 5647 ita
1530 5607 1611 5649 sane.
1636 5591 1681 5649 Sit
1699 5593 1800 5652 vultus
1822 5595 1947 5652 Tertul-

227 5681 431 5746 lianumistos
445 5679 598 5755 opiniones
613 5677 797 5753 deposuisse,
826 5678 975 5752 istamque
990 5680 1055 5738 reli·
1107 5679 1179 5740 lieni
1191 5676 1376 5740 liontaniste
1391 5694 1425 5739 ac
1442 5677 1647 5754 μοντανὶςοντο,
1663 5683 1823 5760 ambiguus
1836 5684 1947 5745 admo.
2055 5713 2056 5718 κ
