4046 6172
110 319 155 381 ee
641 308 937 373 eritcoeerroes
962 311 1054 374 eor.
1075 311 1241 378 oneres.
1731 335 1792 396 514

106 451 168 512 decio
181 446 326 507 crubescit
339 444 469 504 adulatio
485 442 645 518 ejusmodi,
656 441 809 500 bominem
823 442 910 500 deum
925 450 954 519 Α
1002 447 1153 519 moreque
1164 449 1198 506 de
1209 451 1300 508 selue
1314 451 1452 512 deserum
1465 461 1620 529 ooneotcot,
1636 465 1707 537 quod
1726 468 1793 540 fieri

106 535 470 618 appollenatimeatealtem
481 535 517 592 de
527 531 915 591 infaustoldelediotumeet
1003 535 1060 604 eon
1072 523 1166 592 litim,
1182 523 1242 578 '25⁸¹'
1254 539 1350 580 “tvm
1367 543 1502 587 novarum
1529 533 1688 608 cupiditate,
1705 557 1722 596 o
1737 558 1791 613 quc

107 637 157 692 onte
168 627 340 702 apotheosin
357 625 413 699 (25)
429 626 519 682 deum
534 623 676 681 Gaesarem
688 637 858 696 nuncupare
870 623 906 680 ⁸⁹.
1001 591 1050 648 ἀἱ
1063 594 1175 650 ⁰m'22'7l0
1189 594 1347 653 amitti·

376 747 492 806 CAPUT
506 746 612 806 xxxv·
999 717 1156 791 Propterea
1169 718 1260 791 igitur
1278 720 1387 792 publloi
1412 691 1513 784 beatae
1535 729 1703 806 Christiani,
1720 737 1790 809 quia

104 851 301 903 lmcuearorr.
317 869 354 882 -
367 841 432 896 ltloe
450 840 545 910 itaque
571 839 643 894 rede
669 833 797 906 publicos
822 833 910 892 tom,
963 807 1150 908 imperatoris
1165 824 1260 881 nequo
1274 825 1364 868 renos
1377 830 1472 888 neque
1492 819 1668 880 mentientes
1694 843 1790 900 neque

129 916 288 972 Christianos
312 911 378 981 dm,
410 911 462 967 m
475 911 624 968 mmai„
647 909 826 982 imperaror„
840 909 909 964 nn.
963 901 1135 955 temerarios
1159 896 1287 956 honores
1309 901 1419 974 dicant,
1447 905 1517 977 quia
1544 923 1617 966 vere
1640 912 1790 987 religionis

127 988 198 1059 (νόιὶ,
222 985 358 1042 soterinis
407 983 458 1042 52
483 982 597 1039 illorum
622 982 791 1066 commeatio
819 983 909 1052 potios
962 986 1793 1077 homineectiamsolemnieeorum,conscientiepotius

126 1075 195 1133 illm
212 1057 329 1113 Militi
342 1057 488 1124 “limma
504 1054 680 1111 ⁰⁶⁸⁰WW²⁹
703 1052 755 1109 ¹²¹⁰
778 1052 906 1110 mmm·
963 1092 1054 1150 quem
1069 1075 1190 1134 laseivia
1206 1078 1634 1147 celebrenttirandsvidelicet
1648 1093 1792 1164 cilicium,

124 1125 908 1277 gcuzt'ssmthss'gffifgffiffc‘gffiffla{am-3²²&
962 1165 1167 1223 iocoeettoros
1194 1165 1223 1222 in
1234 1166 1384 1240 publicum
1396 1172 1529 1242 educere,
1539 1177 1655 1235 vicatim
1667 1183 1790 1254 epulari,

123 1273 349 1342 arietatorum
363 1273 446 1354 etque
457 1285 558 1325 nocem
572 1271 603 1326 νἰι
617 1268 686 1341 dies,
702 1268 799 1325 lucetii
812 1283 907 1338 eam,
960 1253 1106 1311 civitatem
1135 1255 1263 1312 taberna
1292 1256 1393 1316 babitu
1419 1261 1598 1323 abolefacere
1616 1269 1648 1340 ⁸⁰,
1664 1270 1730 1328 rino
1745 1272 1791 1330 lu.

123 1346 193 1418 idque
206 1346 239 1400 tn
250 1343 310 1416 ipso
323 1340 627 1427 coaprnrto'dicidecdo
643 1344 763 1425 crepui,
780 1339 830 1396 scd
852 1342 907 1414 ipsi
961 1348 1024 1401 tum
1040 1360 1143 1417 eogere
1155 1344 1222 1418 (24),
1239 1348 1407 1405 catervatim
1430 1353 1573 1412 cursitare
1594 1357 1631 1414 sd
1654 1359 1789 1433 injurias,

124 1421 265 1482 rerumne,
294 1423 411 1502 'aquilea'
425 1428 560 1486 premerer
582 1412 661 1469 arbee
684 1415 905 1500 equorumque,
959 1435 996 1490 ed
1011 1433 1221 1508 impudentias,
1238 1437 1316 1496 m
1333 1438 1369 1494 ed
1385 1438 1517 1499 libidinis
1542 1442 1704 1507 illecebrae.
1724 1452 1787 1509 Sio-

123 1483 905 1632 gffigziawzwxffifflffimssfflssmm?
959 1522 1023 1582 olna
1051 1523 1227 1622 exprimitur
1256 1525 1409 1598 publicum
1442 1532 1585 1603 goudium
1618 1554 1671 1611 per
1698 1541 1789 1599 dade-

121 1639 219 1706 Wm
234 1631 269 1687 aa
282 1633 453 1703 emptionem
470 1644 557 1702 mm
578 1628 855 1702 prom-mmmm
870 1571 906 1685 ᾗ,
959 1626 1012 1667 cus
1044 1609 1236 1683 publicum?
1270 1610 1401 1671 llaccina
1433 1616 1580 1678 solemnes
1611 1623 1674 1682 dies
1708 1628 1789 1701 prin·

119 1709 214 1778 pectra.
229 1702 326 1760 Nolim
341 1704 371 1760 in
390 1702 434 1759 leis
448 1701 572 1760 irruenire'
586 1700 768 1770 Christianos,
784 1701 833 1774 qui
856 1715 906 1758 neo
958 1699 1062 1771 oipum
1081 1699 1186 1756 decent
1205 1699 1273 1774 (25),
1294 1717 1358 1774 que
1378 1702 1451 1764 alica
1479 1707 1542 1766 dies
1570 1727 1629 1768 non
1658 1713 1790 1774 decenti

794 1831 896 1895 Veriae
923 1831 1082 1895 lectiones.

118 1946 437 2020 ”moderantiae
469 1951 603 2022 uterque,
630 1946 719 2004 eted.
750 1946 862 2004 Pomet.
879 1945 1055 2022 nuncupari.
1072 1945 1273 2004 locedl'ctd.
1290 1947 1348 2006 lieo
1360 1958 1789 2025 ov.eeqcuetcr:soioteisto

92 2023 195 2079 nemine
209 2020 289 2078 male
303 2018 377 2077 velle
394 2024 424 2076 et
438 2019 514 2077 male
528 2018 706 2088 abominari,
724 2023 756 2076 ut
772 2018 885 2076 virente
904 2019 1001 2076 adbuc
1025 2018 1202 2091 imperatore
1227 2021 1317 2077 Deum
1340 2023 1479 2095 appelles,
1504 2028 1583 2099 quod
1608 2047 1715 2090 nomeu
1742 2035 1788 2092 ini

92 2091 455 2164 moddnmaeoidit.(lloo.
472 2107 550 2165 corp,
567 2091 982 2162 mortuoaoeedit.)⁹⁰llleee.‚
1002 2089 1097 2148 Geton.
1129 2090 1298 2174 etdceiiqer
1327 2109 1335 2148 ε
1363 2095 1571 2158 obeleleoere:
1601 2117 1654 2174 pro
1683 2105 1789 2166 babitu

89 2168 146 2224 ilco.
158 2166 281 2224 rcridm
295 2165 398 2222 metuit
413 2164 528 2221 habitu.
543 2163 607 2221 dod.
623 2161 708 2219 Fuld.
726 2178 733 2218 :
752 2161 901 2220 civitatem
912 2161 942 2219 in
957 2163 1083 2220 taberne
1098 2161 1232 2220 hobitum
1247 2166 1409 2223 demutare.

809 2279 1072 2342 Commentarius.

90 2390 201 2461 Arriam,
218 2386 252 2444 in
267 2389 343 2461 Eep.
359 2385 436 2444 Alae.
452 2387 487 2444 ll.
507 2385 528 2443 l.
553 2402 592 2455 iv,
615 2402 643 2459 p.
667 2384 729 2452 166,
759 2384 809 2441 ubi
834 2385 909 2442 inter
926 2389 948 2454 Β
963 2387 1090 2443 cesaree
1110 2385 1257 2444 dedimus.
1276 2409 1287 2440 ν
1306 2387 1474 2449 enorme
1498 2392 1586 2452 hebet
1608 2399 1685 2456 Male
1707 2401 1794 2460 tradi·

87 2460 135 2517 elie
147 2458 443 2534 argumentaquibes
455 2457 655 2516 adorationem
666 2473 697 2514 ra
720 2459 744 2513 's
755 2457 909 2514 dissuadet
963 2461 1022 2514 tum
1036 2464 1111 2530 cate,
1127 2458 1240 2516 vitiose.
1255 2459 1325 2516 ller.

86 2529 439 2598 mttrsrbenesetboovsl
457 2531 662 2588 meximeest:
679 2530 701 2586 0
719 2529 906 2599 mainerii,
996 2529 1054 2602 (2⁴)
1076 2531 1141 2586 Viro
1170 2530 1260 2586 lumin
1288 2547 1390 2605 mim·
1417 2534 1476 2592 N⁸⁰
1503 2535 1557 2594 ¹³⁰0
1586 2538 1794 2603 ῙῦῑθῙῙθῑθΓῦὓῑ

86 2599 907 2679 0qpqqpppmpf,0<,pce,gris„taultaqueenimpetere·
960 2599 1084 2657 librarii.
1100 2602 1296 2660 Demuteruut
1322 2605 1423 2679 itaque
1437 2609 1467 2664 in
1488 2610 1660 2669 vinolentum
1685 2631 1780 2689 cepere

83 2679 124 2731 tur
143 2676 310 2732 Alexander
333 2674 477 2758 privatum
506 2674 633 2756 aliquem
659 2675 758 2746 regios
782 2673 906 2730 bonores
961 2675 993 2728 ut
1006 2677 1052 2728 est
1065 2673 1095 2729 in
1110 2674 1179 2730 cod.
1195 2674 1227 2729 L.
1239 2679 1270 2730 B.
1286 2675 1331 2732 vol
1346 2678 1375 2733 in
1389 2679 1571 2737 uioulmttem
1584 2687 1686 2756 scone,
1703 2662 1791 2762 prout

82 2745 209 2805 electione
221 2747 432 2873 suffragiisque
457 2745 622 2819 illegitimis
644 2759 796 2817 usurpare.
813 2743 907 2801 Multa
960 2743 1077 2800 exhibet
1099 2745 1169 2802 cod.
1193 2746 1277 2804 Fuld.
1297 2748 1349 2804 liat
1370 2765 1438 2806 vero
1461 2753 1558 2808 vinum
1577 2757 1665 2812 tritum
1679 2775 1788 2831 cepere,

82 2816 906 2964 leresalutatricemacerete
959 2815 1790 2967 l.¹¹euectite.⁰e⁵.eremistilleci:

83 2963 229 3018 sustineat.
250 2983 265 3013 ν
281 2961 354 3018 Ηννν.
960 2975 1025 3016 rum
1042 2965 1157 3028 notans,
1169 2962 1205 3017 de
1221 2978 1278 3033 quo
1293 2963 1414 3021 Publius
1428 2965 1519 3038 Syrus
1533 2969 1575 3024 ait
1587 2987 1674 3028 versu
1684 2973 1731 3030 59.

111 3034 162 3108 (23)
179 3033 362 3118 mammetem
381 3035 433 3088 cet.
458 3029 584 3090 Omnino
607 3029 727 3113 egregia
750 3033 821 3114 eunt
841 3044 905 3114 quq
1070 3049 1184 3110 Avarus,
1200 3049 1253 3100 nisi
1267 3063 1325 3101 oum
1340 3053 1463 3115 moritur,
1478 3054 1516 3106 nil
1530 3062 1602 3110 recte
1617 3059 1680 3112 leelt

80 3101 128 3160 boe
142 3111 240 3190 capite
265 3105 350 3162 alieri
367 3102 482 3160 Herald.
500 3107 563 3159 tum
589 3107 751 3175 presertim
776 3101 833 3168 bro,
855 3102 905 3158 ubi
960 3137 1280 3208 stagnimfflwcuw,
1297 3141 1413 3199 0431„
1431 3160 1438 3200 :

81 3177 220 3234 ex'lemto
237 3177 324 3234 docet
346 3191 447 3234 verum
463 3174 520 3231 looi
549 3189 681 3244 sensum,
706 3173 758 3230 ubi
787 3172 905 3244 Lipsius

79 3247 158 3306 etiem
174 3248 257 3305 bunc
270 3247 443 3305 Tertulliani
466 3247 563 3302 locum
583 3245 612 3301 in
637 3249 735 3317 partes
764 3245 905 3301 advocare
1105 3245 1332 3298 Absumstberee
1345 3249 1458 3300 caecuba
1472 3250 1579 3318 dignior

79 3335 130 3375 non
144 3320 286 3394 neglexit.
299 3324 357 3393 Ego
373 3337 408 3377 ne
422 3318 550 3376 otiorum
563 3316 673 3374 scrinia
682 3316 904 3388 compilamed·
1106 3309 1216 3382 Sertei&
1230 3316 1340 3384 centem
1354 3313 1474 3364 oleribus
1489 3329 1495 3364 :
1512 3321 1539 3367 et
1551 3331 1627 3371 mero

80 3389 139 3447 dem
154 3409 220 3464 que
249 3408 284 3448 ex
299 3392 420 3450 Arriano
440 3393 469 3447 et
490 3389 590 3446 Curtio
606 3388 718 3471 alisque
742 3388 903 3445 observavi.
1136 3369 1232 3483 T¹¹iff⁶²
1246 3379 1428 3446 P³V¹¹¹i⁰¹¹²⁰¹¹¹
1442 3378 1589 3451 ⁸9⁹²be

77 3461 122 3529 lbi,
138 3464 217 3536 apud
233 3463 351 3520 Arriae.
368 3463 419 3520 lib.
436 3479 475 3530 iv,
492 3479 520 3534 p.
544 3462 606 3531 165,
631 3461 702 3517 edit.
718 3459 904 3532 praeceptoris
982 3529 988 3540 υ
1106 3432 1182 3483 ¹³⁰m¹
1202 3447 1262 3484 “⁰¹²²
1278 3439 1379 3500 9⁰¹¹⁰f⁰
1393 3452 1486 3492 ΜΒ·

75 3531 903 3676 ttltlttlllt‘tttltitilllcltttttltitt:
959 3529 1788 3680 itt?llltltl'‘llllrlt‘tttltlltilitet·

1222 3646 1229 3673 i
1664 3661 1671 3685 ,
1776 3648 1788 3662 ⁸

75 3691 168 3734 sarum
183 3695 272 3736 more
287 3650 375 3734 daem
391 3677 533 3749 tenquan'i
558 3675 665 3732 colent.
691 3675 765 3732 llicit
780 3675 879 3748 itaque
896 3689 902 3730 :
959 3671 1030 3728 bant
1045 3674 1179 3745 parietes,
1197 3697 1211 3728 ν
1230 3676 1262 3732 dt
1276 3677 1301 3732 is
1314 3681 1434 3749 quidem
1451 3683 1522 3739 mihi
1542 3685 1599 3742 looi
1614 3688 1704 3760 hujus
1720 3707 1788 3748 aeu-

75 3747 117 3800 lnl
139 3751 191 3822 γὰρ
217 3745 286 3805 odet
310 3747 396 3804 terico
420 3749 485 3804 εἱνοιι
510 3744 676 3825 ἀμφίλογον,
692 3745 734 3802 ὅτι
749 3743 904 3809 ἀπελθόντα
941 3765 942 3770 “
959 3744 1152 3814 suaridetur3
1168 3748 1245 3819 quod
1257 3750 1335 3805 enim
1348 3751 1486 3810 tailerde
1500 3757 1632 3815 relertnd
1646 3763 1789 3820 novitium

73 3815 351 3964 adtletae
382 3818 506 3946 itti:
534 3813 844 3961 {stillicidii
862 3815 904 3952 ⁸5}
919 3823 941 3890 ⁰
959 3817 1543 3954 tltlllllttltltitilletl:
1559 3831 1789 3958 ”illidii-¹⁰

75 3957 143 4042 odito
159 3947 280 4039 ’ὄφίλος
295 3967 336 4036 τῷ
357 3910 517 4036 τγιβονξένῳ.
534 3963 554 4020 i.
569 3909 739 4046 epe-Neque
753 3933 905 4044 enim⁹du·
960 3961 1081 4028 testum,
1102 3961 1132 4016 in
1160 3907 1218 4033 qul}
1245 3965 1281 4020 cd
1311 3911 1455 4038 &emplum
1483 3971 1543 4027 dero
1555 3918 1789 4034 edleuqiwmensirffl

74 4031 146 4092 bltlm
163 4053 245 4106 esse,
272 4037 343 4122 quia
359 4042 515 4108 postquem
539 4052 554 4093 e
573 4034 646 4090 vivre
669 4037 853 4104 excessisset,
875 4037 906 4090 ut
959 4032 1178 4100 effunderetur3
1193 4035 1279 4104 eujus
1294 4035 1422 4095 instituti
1434 4045 1550 4099 AEueam
1562 4052 1710 4103 auctorem
1727 4051 1789 4105 leu-

73 4103 152 4184 deum
169 4109 284 4165 culturi
312 4105 521 4166 essentblulto
536 4107 627 4180 igitur
641 4107 735 4162 satius
749 4121 824 4177 cese,
842 4105 906 4163 vivo
959 4105 1010 4160 dat
1026 4104 1208 4176 Plutarchus,
1233 4107 1332 4176 Queat.
1358 4112 1433 4167 Rem.
1461 4130 1526 4177 xcv.
1551 4118 1691 4190 additque
1713 4121 1786 4178 stru.

75 4175 110 4230 rlli
128 4179 247 4236 divinos
277 4179 405 4236 bonores
433 4179 544 4236 deterre
573 4194 662 4251 quam
693 4181 904 4248 mortuo‚oum
958 4176 1232 4234 slouieretiouem:
1254 4180 1288 4233 'tl
1310 4180 1356 4234 καὶ
1378 4187 1462 4238 τοῦτο
1487 4182 1627 4260 σύμὸολόν
1656 4188 1711 4244 ἐστι
1736 4195 1786 4246 τοῦ

72 4248 146 4306 nulla
165 4251 204 4308 ed
231 4267 302 4308 eum
329 4249 426 4307 cultus
452 4249 564 4306 utilitas
587 4253 665 4306 essct
688 4254 871 4322 perventura.
889 4271 904 4299 ν
958 4253 1031 4332 χρῆν
1056 4248 1191 4326 νήφοντος
1216 4248 1363 4326 ἑορτάζειν,
1387 4253 1460 4310 elle
1485 4259 1523 4328 μὴ
1551 4258 1719 4332 μεθύοντος,
1748 4261 1787 4328 ὡς

69 4319 175 4381 Quibus
190 4339 267 4380 oum
283 4322 430 4394 cupienter
445 4321 604 4393 respondet
626 4320 735 4377 ibidem
752 4320 903 4378 callisthe-
957 4338 1012 4373 των
1029 4319 1096 4374 θεῶν
1115 4317 1221 4390 μᾶλλον
1236 4326 1296 4383 τοῖς
1311 4322 1438 4401 ἐγχέουσι
1476 4329 1610 4403 alquerius
1626 4332 1672 4386 τὸν
1697 4331 1784 4390 πολὺν

69 4406 124 4458 nes.
142 4399 207 4450 tum
225 4395 348 4452 Curtius
363 4393 499 4451 eumdem
520 4393 550 4449 in
574 4391 652 4447 bunc
672 4393 906 4450 modumdiese·
958 4385 992 4444 iia
1010 4410 1084 4474 acor,
1113 4390 1131 4462 ἧ
1160 4397 1218 4454 τοῖς
1247 4393 1365 4453 πίνουσι.
1393 4422 1407 4450 ιι
1438 4347 1582 4459 Ιῦοοοὶιο
1605 4405 1789 4474 significetui·

67 4469 175 4522 rentem
192 4467 271 4522 iacit
286 4465 336 4522 lib.
351 4483 412 4535 viu,
429 4481 454 4522 c.
469 4465 507 4520 5:
525 4485 540 4516 ιι
555 4461 676 4519 Nullum
692 4479 756 4521 esee
767 4465 903 4520 eumdem
958 4409 1066 4546 eossmc.
1082 4481 1139 4522 non
1154 4481 1222 4522 vero
1246 4468 1408 4526 temulente
1435 4471 1508 4528 laeta
1522 4475 1697 4533 celebranda
1711 4495 1776 4537 esee

67 4539 92 4588 ct
105 4535 288 4594 diuturnum
305 4543 334 4593 et
358 4552 516 4610 pracocem
540 4533 668 4592 tractum
682 4552 690 4603 ;
712 4535 903 4608 celestesque
957 4535 1099 4593 allusione
1111 4536 1171 4592 vini
1186 4537 1278 4594 multo
1293 4557 1340 4595 ma
1362 4541 1387 4596 ie
1403 4545 1598 4612 gaudentibus
1614 4547 1670 4604 diis
1697 4523 1788 4622 quam'

66 4603 190 4688 bonores
216 4625 280 4666 non
303 4609 373 4666 dare
392 4612 421 4664 te
443 4607 514 4680 regi,
531 4608 582 4664 sed
606 4605 730 4663 auterre.
748 4607 903 4664 intervallo
957 4606 1111 4664 bominum
1126 4608 1293 4666 vinolentia.
1315 4557 1426 4678 »guod
1448 4626 1477 4672 et
1498 4617 1568 4675 buie
1596 4590 1784 4681 mori'lorsen

65 4692 137 4735 curm
152 4696 235 4753 opus
253 4684 311 4750 est,
328 4688 361 4737 ut
387 4680 523 4736 credatur
548 4684 634 4745 Deus,
646 4693 821 4752 semperque
831 4677 903 4736 beno
957 4684 1054 4736 ortum
1070 4679 1160 4736 dedit.
1175 4679 1204 4736 ld
1221 4681 1314 4739 Greci
1329 4684 1459 4742 diberent
1473 4687 1563 4758 πηλὸν
1577 4697 1665 4745 ποιεῖν
1687 4697 1719 4749 ut
1735 4695 1784 4752 ille

65 4751 189 4820 gretiam
208 4751 332 4824 magnis
347 4750 417 4806 viris
434 4748 542 4822 posteri
558 4751 695 4808 reddunt.
721 4751 777 4822 dgo
802 4755 902 4808 eutem
978 4751 1007 4807 ui
1023 4750 1087 4808 viro
1102 4751 1158 4808 eibi
1186 4751 1275 4808 tribui
1299 4756 1418 4826 optabat
1442 4759 1483 4828 id,
1511 4764 1588 4832 quod
1612 4767 1736 4824 mortuis
1752 4767 1784 4824 lit

65 4836 156 4878 seram
175 4822 438 4880 immortalitatem
450 4837 552 4896 precor
563 4821 635 4894 regi,
646 4821 748 4878 etrite
763 4821 903 4880 diuturne
956 4767 1076 4894 prurire,
1093 4823 1123 4880 iu
1138 4823 1256 4881 Authol.
1272 4825 1323 4882 lib.
1342 4845 1373 4898 ιι,
1389 4843 1414 4884 o.
1431 4831 1475 4900 40,
1491 4835 1577 4904 epist.
1592 4835 1619 4891 3.

956 4927 1041 4983 Ζῶντί
1058 4947 1104 5002 μοι
1122 4925 1175 4986 eisc
1192 4927 1291 5004 θέλεις,
1308 4932 1431 5009 χάρισαι·
1450 4934 1552 5013 τίφρην
1577 4935 1606 4994 δὲ
1631 4941 1783 5017 produxere,

1027 4997 1122 5070 Πηλὸν
1139 5001 1275 5072 ποιήσεις,
1291 5003 1363 5081 κούχ
1378 5006 1393 5061 d
1410 5009 1496 5072 θανὼν
1511 5010 1607 5068 τίεται·

64 4893 108 4958 ait,
124 4900 152 4950 et
172 4901 293 4953 aeterns
307 4896 459 4967 majestas.
477 4893 632 4950 Hominem
648 4893 838 4964 consequitur
853 4893 904 4951 ali·

63 4967 191 5036 quaudo,
210 4983 371 5038 nunquam
394 4965 552 5023 comitatur
575 4965 725 5022 divinitae.
742 4965 901 5024 Herculum

62 5040 145 5094 modo
161 5043 194 5096 st
211 5043 334 5094 Patrem
350 5038 485 5094 Liberum
507 5041 681 5094 consecrate
695 5036 901 5094 immortalita-

62 5107 97 5162 tis
112 5126 197 5166 exem
225 5109 259 5166 le
274 5111 432 5166 referebas.
441 5108 580 5165 Credisne
590 5109 657 5165 lllcs
673 5109 763 5166 unius
777 5109 902 5166 convivii
955 5105 975 5162 i.
992 5123 1018 5163 a.
1032 5127 1046 5156 ν
1057 5106 1173 5164 Viventi
1189 5107 1272 5177 mihi,
1288 5110 1395 5185 siquid
1410 5113 1501 5180 soles,
1517 5117 1640 5188 exhibe;
1657 5123 1784 5184 cinerem

59 5177 173 5238 decreto
209 5198 268 5239 eos
279 5181 481 5255 leotoeiprius
491 5181 527 5238 ab
539 5180 631 5239 oculis
642 5179 811 5238 mortalium
821 5197 902 5239 amo·
914 5193 939 5260 p
953 5195 1021 5235 vero
1037 5177 1197 5250 inebrians,
1208 5180 1304 5237 lutum
1319 5199 1414 5256 coges,
1430 5191 1567 5248 mortuus
1582 5208 1648 5252 vero
1664 5213 1721 5253 nou
1733 5198 1784 5256 bo·

59 5247 107 5308 lits
120 5259 238 5311 nature
255 5259 311 5321 est,
327 5269 415 5325 quem
430 5253 460 5310 in
477 5253 581 5311 coelum
597 5253 676 5310 lama
691 5253 897 5326 perveheret.»
954 5255 1085 5308 noratur.
1103 5252 1196 5310 »lisa

59 5323 206 5384 deserum
231 5325 410 5454 apotheosin
434 5326 507 5384 satie
532 5329 630 5398 aperto
645 5325 758 5382 deridet
773 5324 896 5396 Plinius,
988 5322 1044 5394 (25)
1058 5324 1220 5394 Principum
1244 5321 1347 5383 deccat.
1365 5327 1437 5385 Mira
1459 5329 1506 5387 bic
1530 5331 1560 5389 in
1585 5351 1657 5393 mea.
1680 5342 1782 5399 turba.

57 5397 210 5456 dicarint.
228 5397 251 5454 li
279 5441 286 5456 .
315 5414 367 5462 vn,
396 5413 460 5471 cap.
491 5397 537 5467 55,
558 5396 608 5454 ubi
628 5397 897 5455 contraimmorte·
951 5397 1105 5451 turmam
1123 5395 1172 5450 ubi
1202 5393 1327 5454 Pamet
1350 5399 1399 5456 alii
1425 5416 1432 5456 :
1458 5403 1783 5472 «lleccineeolemnee

56 5465 167 5526 litatem
186 5470 303 5526 anime
321 5467 414 5526 multa
428 5468 529 5541 garrit,
545 5467 677 5526 scribone
690 5485 696 5525 :
707 5492 721 5520 κ
738 5470 896 5528 Alieesen-
953 5468 1017 5524 dies
1030 5465 1195 5540 principum
1212 5465 1399 5543 docentque
1416 5471 1489 5532 alios
1504 5476 1566 5534 dies
1577 5497 1635 5538 non
1646 5484 1782 5542 decenti»

55 5553 116 5598 mm
135 5541 255 5600 inferis
267 5541 375 5608 dando,
386 5545 416 5599 θ(
429 5557 532 5598 manes
546 5539 679 5610 colendo,
693 5542 840 5614 deumque
855 5543 898 5599 (a.
952 5539 1103 5596 Fuldanus
1118 5537 1241 5596 mirilico
1259 5556 1266 5596 :
1284 5563 1298 5592 a
1312 5541 1379 5600 Haeo
1398 5545 1428 5601 in
1453 5546 1599 5608 solemnes
1624 5555 1684 5611 dixi
1700 5557 1780 5628 prin·
1883 5569 1888 5576 “

55 5614 155 5670 ciendo
171 5615 231 5689 qui
246 5613 313 5686 lem
329 5613 417 5672 ctiam
433 5613 521 5671 homo
544 5627 609 5669 esee
628 5612 757 5669 desierit.
775 5635 789 5664 ο
806 5615 897 5679 Quem
953 5611 1053 5685 cipum
1069 5612 1288 5685 decernuntque
1311 5613 1384 5672 elios
1406 5617 1470 5675 diae
1494 5637 1551 5678 uon
1572 5625 1664 5680 decet.
1682 5647 1697 5676 ιν
1712 5627 1779 5692 One

54 5699 187 5758 oppones
198 5684 278 5744 licet
292 5685 390 5760 impie
404 5683 566 5744 adulationi
582 5683 689 5742 Valerii
703 5685 831 5756 Maximi,
847 5686 898 5761 qui
954 5685 1110 5742 manifesto
1125 5682 1232 5742 vitiosa
1247 5702 1353 5744 novum
1369 5704 1489 5748 sensum
1505 5696 1615 5778 prebet
1630 5711 1686 5752 me.
1702 5697 1729 5754 l..
1747 5699 1780 5772 B,

53 5753 90 5820 ite
103 5759 142 5822 ad
167 5758 335 5822 Tiberium
350 5759 380 5818 in
394 5757 508 5836 prolog.
528 5779 543 5812 ιι
568 5755 644 5818 Deos
666 5757 746 5820 euim
769 5758 900 5835 reliquos
954 5755 1118 5818 «Haecine
1131 5755 1280 5820 solemnes
1299 5758 1363 5820 dies
1386 5761 1566 5838 principium
1589 5767 1699 5841 dicent,
1714 5787 1778 5847 qua
