4152 6192
210 309 290 371 4447
481 306 929 374 444444414440444444
951 311 1054 374 PARS
1076 312 1100 374 1.
1115 343 1156 362 ··
1173 301 1311 378 suetus
1331 315 1374 391 ll,
1394 315 1634 381 nuenarius.
1830 321 1909 382 4348

206 439 352 498 imminet.
369 439 424 506 044
439 453 506 496 cum
527 438 654 496 maxime
675 439 822 514 incipiunt
843 441 951 502 divinis
966 457 1028 500 ser·
1042 445 1071 514 Α
1084 443 1190 518 444444,
1206 448 1288 519 prlus
1301 465 1469 519 nummum,
1485 467 1543 524 quo
1566 451 1772 526 paciscuntur,
1798 454 1911 510 exami-

207 530 345 585 monibus
356 545 441 584 eures
452 529 557 600 rigare,
570 529 680 601 quique
691 528 780 585 catuli
793 530 924 588 44444444
936 532 1032 590 adbuc
1087 540 1168 602 nant,
1199 552 1234 593 44
1262 537 1404 610 scalptus,
1429 555 1499 596 nera
1519 557 1616 606 rasus,
1647 557 1684 597 44
1709 541 1826 598 adulter
1855 543 1909 615 (49)

206 618 342 688 44444444,
360 633 411 673 444
428 617 565 688 perlectis
581 617 743 674 luminibus
763 621 875 676 incerta
893 625 1030 693 reptant;
1052 683 1057 693 ,
1087 625 1174 679 etiem
1190 642 1196 682 :
1214 628 1370 684 Dominum
1383 628 1530 686 credimus
1561 631 1738 704 peanitentiae
1764 632 1910 703 probatio·

176 740 180 762 .
205 710 235 763 44
258 707 360 762 444444
385 706 504 777 quidem
519 707 542 740 ⁸³
559 705 690 778 pristinis
715 708 885 765 renuntiare
909 711 977 782 (43),
1004 717 1033 767 44
1087 728 1153 770 nem
1170 715 1250 784 prius
1266 715 1350 786 inire,
1366 721 1476 772 4444444
1493 719 1578 774 nobis
1593 723 1752 776 mercedem
1769 721 1790 754 ‘¹
1807 737 1910 792 pereu-

207 793 409 868 poeuitentiam
439 799 598 850 assumunt
622 795 691 866 (44),
717 796 768 852 444
792 796 943 854 includere
967 817 1031 856 sem
1087 802 1133 858 444
1160 803 1272 860 scilicet
1298 805 1365 861 vitae
1391 808 1629 864 concessurum?
1653 809 1709 864 Sed
1736 809 1908 865 differemus

64 865 65 876 ¹
108 909 111 914 ·
212 884 368 956 negligunt
387 883 453 956 (45).
474 882 645 954 interpellat
665 883 743 940 euim
768 885 834 941 illos
856 887 892 942 ad
916 888 1032 944 deside·
1086 891 1232 964 tantisper
1246 894 1910 970 poenitentiaverltatem.Tuucopinor,emeu·

207 974 333 1029 randum
349 989 382 1028 ax
398 971 514 1044 pritinis
530 972 631 1028 mi
654 971 778 1044 aliquid,
799 973 863 1046 ipse
887 975 956 1033 finis
980 978 1031 1032 de·
1086 979 1169 1036 datos
1185 980 1208 1016 ⁸²
1227 981 1360 1054 liquebit,
1381 999 1449 1038 cum
1473 983 1679 1042 absolvimur?
1702 985 1788 1042 Nullo
1811 992 1908 1060 pacto.

207 1061 375 1118 sidereudi:
403 1061 483 1116 velut
510 1077 597 1134 poma
621 1077 687 1116 oum
708 1066 772 1132 jem
794 1064 822 1117 44
847 1080 962 1121 acorem
987 1067 1031 1122 vel
1087 1069 1142 1125 Sed
1158 1087 1225 1127 cum
1239 1072 1491 1144 pendentevenia,
1517 1089 1603 1145 poene
1628 1076 1816 1147 prospicitur,
1841 1093 1909 1132 cum

208 1150 438 1208 amaritudinem
453 1165 605 1206 senescere
631 1150 788 1221 incipiunt,
814 1167 848 1207 ex
872 1159 953 1224 parte
977 1154 1030 1210 eli·
1086 1159 1433 1219 edbuoliberari1288
1451 1179 1508 1218 nou
1526 1179 1672 1220 meremur
1702 1168 1735 1220 ut
1758 1165 1908 1237 possimus

207 1254 267 1311 que
296 1244 392 1295 temen
419 1238 515 1294 adbuc
548 1237 605 1309 ipsi
633 1239 732 1310 gratim
759 1256 820 1296 sue
861 1241 1029 1299 adulantur.

208 1327 301 1384 Omne
315 1332 455 1399 praeteree
469 1325 664 1382 cunctationis
679 1332 708 1383 et
723 1328 971 1401 lervigersetionis
986 1348 1031 1387 er-

207 1432 245 1491 ga
272 1419 475 1488 penitentiam
500 1416 605 1471 vitium
634 1419 824 1489 presumptio
847 1419 1031 1477 intinctionis

207 1507 265 1579 (46)
280 1508 431 1578 importet.
449 1504 527 1562 Certi
542 1505 620 1560 enim
636 1505 808 1562 indubitatas
824 1509 915 1564 venias
940 1510 1031 1566 delic-

206 1599 318 1662 torum,
336 1593 464 1650 medium
480 1599 598 1665 tempus
614 1593 731 1650 interim
748 1597 892 1666 l'ursntur,
908 1603 937 1653 et
948 1614 1027 1654 com·

208 1689 339 1740 meatum
354 1681 411 1738 sibi
426 1680 537 1738 faciunt
551 1681 607 1754 (47)
623 1681 825 1753 delinquendi,
847 1701 937 1756 quem
963 1703 1030 1744 eru-

1086 1250 1191 1305 mereri
1219 1251 1286 1322 (50),
1315 1268 1383 1308 cum
1405 1257 1481 1308 Deus
1507 1252 1716 1320 comminatur,
1746 1270 1806 1310 non
1842 1270 1908 1310 curn

1084 1336 1220 1409 ignoscit.
1243 1340 1314 1407 Quis
1342 1341 1421 1397 onim
1451 1357 1564 1411 servus,
1591 1347 1747 1415 postquem
1777 1341 1910 1398 libertate

1086 1435 1219 1484 mutatus
1234 1433 1277 1486 est
1288 1430 1356 1502 (54),
1371 1429 1449 1486 furta
1463 1447 1519 1486 sue
1533 1435 1562 1486 et
1578 1431 1661 1502 luges
1677 1431 1734 1488 eibi
1759 1430 1910 1505 imputat?

1085 1515 1155 1580 Quis
1182 1517 1266 1574 miles
1289 1525 1445 1591 postquem
1471 1519 1577 1576 cestris
1602 1519 1666 1576 suis
1685 1519 1827 1592 emissus,
1857 1537 1909 1593 pro

1085 1604 1163 1660 notis
1191 1607 1254 1662 suis
1282 1607 1388 1676 selegit
1415 1607 1496 1680 (52st
1522 1611 1660 1664 Peccator
1687 1613 1755 1664 ente
1794 1609 1907 1664 veniam

1085 1693 1191 1750 dellere
1206 1711 1238 1751 se
1256 1695 1361 1764 debet;
1392 1697 1463 1769 quia
1483 1702 1603 1769 tempus
1628 1697 1817 1769 poeuiteutie,
1842 1697 1870 1753 id
1885 1698 1909 1732 ⁸⁸

207 1771 350 1829 ditionem
367 1787 424 1826 uon
441 1769 640 1842 delinquendi.
661 1769 753 1833 Ouern
778 1788 863 1843 porro
885 1773 1028 1848 ineptum,
1046 1817 1069 1883 B
1084 1788 1137 1850 aar,
1152 1783 1230 1854 quod
1246 1784 1367 1856 periculi
1389 1790 1418 1841 aa
1443 1784 1572 1842 timoris,
1605 1785 1704 1856 Neque
1726 1801 1796 1859 ergo
1818 1803 1909 1842 renuo

207 1876 298 1933 quarn
313 1859 461 1930 iniquum,
487 1858 688 1930 penitentiam
717 1875 775 1915 nou
799 1861 972 1933 adimplere,
1002 1873 1031 1921 st
1085 1872 1218 1928 divinum
1234 1873 1419 1942 beuelloium,
1435 1874 1528 1942 idest,
1540 1872 1909 1930 abolitionemdeliotorum

209 1950 324 2006 veniam
345 1946 521 2003 delictorum
549 1947 706 2014 sustinere,
736 1948 790 2004 boc
819 1954 873 2017 est,
908 1955 1033 2022 pretium
1087 1959 1912 2033 initurisequemomnimodosalvumesss:seduteo

210 2034 469 2102 nonexbibere⁸⁰,
499 2035 534 2090 ad
562 2034 617 2106 (48)
645 2051 771 2092 meroem
798 2053 920 2094 manum
949 2041 1033 2097 emit·
1088 2049 1238 2120 pervenire
1252 2053 1414 2124 contingat,
1430 2050 1642 2108 elaborandum
1658 2057 1710 2108 est
1737 2052 1808 2118 Ouis
1833 2053 1911 2109 enim

207 2123 456 2182 terelHocenim
474 2125 569 2196 pretio
596 2123 736 2180 Dominus
757 2127 872 2182 veniam
899 2129 1034 2188 addicere
1087 2136 1141 2194 tibi
1165 2144 1225 2195 tem
1254 2137 1350 2194 44444
1376 2139 1554 2211 peanitentiae
1588 2141 1650 2197 viro
1674 2141 1698 2176 ⁶⁸
1725 2139 1910 2214 asperginem

207 2213 361 2284 instituit;
388 2211 443 2268 bac
472 2211 647 2284 poeniteutim
679 2215 919 2285 compensatione
960 2219 1034 2275 redi·
1088 2241 1177 2282 uuam
1207 2224 1366 2296 cuiuslibet
1394 2244 1474 2300 aqua
1503 2228 1702 2285 commodabit
1728 2229 1806 2300 (35)4
1835 2230 1911 2284 furto

211 2302 349 2362 mendam
365 2301 502 2375 proponit
517 2300 735 2371 impunitatem.
751 2303 778 2357 Si
795 2319 863 2375 ergo
887 2305 938 2377 qui
961 2324 1032 2366 ven·
1086 2314 1206 2386 quidem
1222 2315 1350 2387 aggredi,
1363 2315 1390 2372 ci
1405 2317 1596 2389 prepositum
1613 2318 1637 2354 ⁸⁸
1651 2317 1742 2390 hujus
1768 2317 1809 2374 rei
1834 2333 1911 2375 asse

907 2447 1010 2512 Verisa
1051 2452 1210 2518 lectiones.

241 2559 265 2595 θ’
280 2555 394 2614 444444.
412 2571 519 2622 omnes,
533 2558 641 2628 sarept.
668 2555 746 2629 leop.
772 2559 820 2628 qui
842 2562 961 2620 scribit:
982 2581 1014 2621 se
1042 2569 1220 2627 renuntiare.
1272 2572 1294 2608 ⁴⁰
1321 2572 1481 2630 Mercedem
1505 2573 1566 2646 444.
1618 2573 1640 2610 ⁸¹
1662 2577 1785 2630 Marcam
1814 2573 1909 2629 44444.

205 2631 229 2666 ⁸¹
246 2627 459 2710 tinebitlllum.¹
504 2627 527 2661 ⁸³
546 2629 628 2710 ldem
642 2627 725 2684 Fron.
741 2631 801 2702 llip.
855 2632 1215 2710 “Aspsrginemlumec
1227 2642 1261 2699 ll.
1278 2643 1306 2700 S.
1357 2643 1577 2718 “Propositum
1602 2643 1685 2702 Semi.
1715 2644 1907 2718 Propositum

212 2703 316 2760 Wouw.
331 2700 367 2756 ll.
384 2699 411 2754 S.
427 2701 487 2770 444.
503 2697 614 2755 melros.

928 2822 1189 2892 Commentarius.

210 2961 296 3035 plina
311 2974 375 3031 qua
391 2956 478 3012 bodie
494 2956 646 3026 retinetur,
665 2956 704 3012 ita
734 2963 767 3014 ut
790 2960 892 3016 novitii
915 2963 1033 3038 religio·
1087 2953 1165 3010 uelle
1179 2955 1215 3011 44
1229 2955 1321 3029 441444,
1338 2956 1461 3029 punitur
1474 2957 1524 3029 qui
1540 2955 1910 3028 nummosaureospartim

212 3049 282 3091 num
295 3031 354 3087 sint
368 3028 456 3084 veluti
472 3028 625 3084 audientes
640 3033 669 3086 et
683 3030 896 3088 catechumeni.
915 3040 977 3091 tan.

1087 3026 1202 3094 raserit,
1219 3031 1325 3100 partim
1344 3030 1472 3098 tinxerit,
1500 3028 1544 3084 vel
1570 3028 1696 3096 tinxerit,
1721 3029 1740 3083 l.
1757 3044 1808 3083 vus
1833 3029 1870 3083 ed
1889 3026 1908 3083 Ι.

248 3105 304 3176 (43)
320 3101 451 3157 Persicis
465 3102 636 3156 renuntiare.
661 3103 980 3162 4444444441414444
1004 3114 1033 3164 st
1086 3097 1173 3155 corn.
1189 3100 1224 3154 da
1250 3100 1320 3168 lbi-3
1344 3102 1393 3156 ubi
1419 3100 1611 3156 basilicarum
1639 3105 1775 3156 ausuras
1800 3098 1908 3172 legisse

212 3175 340 3244 negotiis
354 3173 418 3228 vile
432 3172 591 3228 secularis.
610 3172 673 3228 liro.

247 3246 303 3316 (44)
320 3245 351 3300 Et
364 3243 554 3328 paenitentiam
581 3247 734 3298 assumant.
757 3251 916 3304 assumere
939 3251 1031 3322 prani-

209 3318 330 3373 tsntiem
347 3316 494 3381 dicuntur,
513 3312 562 3387 qui
580 3314 655 3370 inter
669 3315 820 3374 audientes
833 3320 953 3377 nomine
962 3339 1031 3394 pro·

209 3391 330 3446 litentur
344 3405 408 3444 sua.
426 3385 489 3441 llio.

235 3473 279 3506 '-
305 3459 501 3516 renitentium
525 3459 677 3512 assument.
707 3455 829 3514 Notatur
857 3460 885 3514 in
927 3462 1030 3532 primis

209 3531 409 3604 pmnitsntium
425 3544 577 3585 assumere
592 3543 656 3583 esse
684 3529 832 3601 propriam
853 3535 1029 3591 locutionem

209 3620 310 3659 eorum
320 3604 370 3684 qui
384 3600 560 3655 insedebant
571 3599 783 3670 pmuitentiem,
799 3603 884 3672 cujus
896 3605 902 3658 4
908 3623 957 3676 psa
970 3609 1028 3676 psi.

91 3714 94 3722 .
209 3690 277 3730 4444
292 3674 388 3729 editus
403 3671 555 3726 dicebatur
570 3671 743 3742 assumptio.
761 3673 793 3728 444
808 3675 927 3746 quidem
954 3677 1029 3736 banc

210 3759 274 3830 esse
294 3742 440 3824 propriam
460 3743 636 3825 locutionem·
660 3742 859 3828 invadentium
885 3749 1027 3820 preniten-

208 3823 293 3945 44
309 3813 600 3944 444444
617 3814 668 3870 4·
685 3831 705 3880 r
721 3831 747 3871 ⁰·
764 3817 790 3883 ⁴2
816 3817 953 3892 urs
977 3823 1027 3878 20⁶

211 3907 230 3946 n
242 3961 297 4033 (45)
314 3905 373 4016 Sui
379 3956 519 4039 includere
532 3973 593 4038 eom
618 3955 772 4038 replicent.
797 3959 945 4030 Baptismo
969 3963 1028 4018 sci·

208 4032 287 4100 licet,
303 4032 353 4102 qui
373 4033 401 4085 et
416 4030 580 4100 obsignatio
596 4026 715 4083 dicitur.
733 4028 766 4084 lit
780 4029 842 4102 ipss
858 4048 925 4088 mox
940 4034 1027 4104 dicet,

118 4111 120 4116 ’
208 4125 223 4155 «
237 4101 420 4158 intinctionis
436 4115 532 4156 serem
547 4099 742 4156 obstructam.
755 4121 770 4151 4
788 4103 962 4160 Poenitentia
974 4105 1028 4177 igi·

206 4181 254 4232 tur
269 4178 298 4230 et
313 4174 386 4229 4444
400 4178 470 4228 lunc
500 4169 672 4237 includitur,
697 4185 764 4226 cum
786 4173 816 4228 44
846 4174 1026 4247 baptismum

205 4245 380 4312 deducitur;
414 4243 493 4298 sicut
513 4242 642 4298 actiones
663 4242 776 4310 iudicio
797 4245 925 4302 inclusas
955 4248 1029 4303 dixit

205 4318 304 4382 Gaius,
330 4333 394 4388 qum
413 4320 484 4370 sunt
507 4313 537 4369 in
558 4311 705 4382 iudicium
730 4315 1028 4382 deductae,l.cxxx1x

134 4447 137 4454 ,
205 4391 240 4446 de
263 4405 318 4460 rep.
343 4387 388 4472 je.
419 4387 504 4442 Porro
534 4384 732 4455 poenitentism
760 4386 910 4445 includere
934 4391 1027 4462 negli-

226 4465 290 4525 unt,
304 4475 354 4532 qur
372 4457 504 4529 pristinis
518 4471 592 4528 agre
606 4455 776 4512 renuntiant
791 4477 798 4528 ;
823 4461 909 4530 quasi
935 4463 1026 4517 male*

205 4479 338 4588 iictorum
356 4544 483 4593 summe,
499 4543 587 4598 quam
602 4527 713 4583 includi
741 4529 889 4602 baptismo
914 4532 1026 4599 solunt,

206 4602 337 4660 nondum
353 4602 494 4659 conlecta.
510 4604 572 4654 ltro.

242 4675 299 4746 (44)
315 4673 496 4743 Praesumptio
512 4669 693 4726 intinctionis.
720 4669 839 4728 Fiducia
862 4673 953 4731 vaniae
976 4691 1027 4748 per

1086 3169 1230 3236 videntur,
1245 3173 1376 3241 cinxerit,
1394 3188 1450 3227 non
1466 3173 1593 3228 tinxerit.
1611 3173 1728 3227 Etenim
1745 3171 1854 3240 dixere,
1875 3171 1908 3224 04

1085 3241 1118 3296 τὰ
1128 3242 1285 3314 νομίσματα
1299 3241 1402 3312 iterare
1421 3242 1440 3312 ἢ
1454 3242 1676 3318 περικόπτοντες·
1691 3246 1756 3299 litu.

1122 3314 1177 3387 (50)
1192 3315 1364 3372 dumnotinae
1391 3317 1509 3372 liberari
1531 3331 1587 3372 aon
1610 3331 1749 3370 meremur
1771 3321 1801 3368 ut
1822 3314 1909 3383 posei-

1047 3389 1068 3458 (1
1085 3399 1148 3442 mer
1162 3389 1275 3443 mereri.
1291 3387 1337 3443 Sic
1353 3387 1410 3442 ists
1424 3404 1482 3443 uno
1497 3387 1615 3457 spiritu,
1631 3386 1743 3457 absque
1761 3383 1820 3440 ulls
1845 3384 1907 3440 dis·

1085 3458 1226 3514 tinctione
1241 3467 1310 3514 sunt
1336 3459 1530 3530 perducenda.
1559 3458 1691 3530 Disputat
1712 3454 1909 3512 Tertullianus

1084 3529 1120 3584 de
1136 3529 1338 3613 poenitentium
1356 3546 1505 3615 processu.
1521 3528 1556 3612 lit
1582 3530 1700 3600 quando
1717 3544 1781 3595 nos,
1797 3527 1907 3653 443444,

1083 3608 1284 3726 Besnrtentrsm
1313 3619 1363 3674 qur
1394 3617 1623 3672 assumpsimus,
1653 3617 1704 3672 pro
1740 3615 1824 3655 ernau
1850 3604 1908 3655 aba

1105 3671 1907 3742 ebebimur‘ltnoumabsolvimur.levscroimpetratu,

1084 3759 1160 3816 aqua
1176 3745 1337 3801 concessa?
1350 3744 1478 3810 Minime,
1495 3745 1591 3815 inquit
1602 3761 1609 3811 ;
1619 3745 1669 3801 sed
1680 3759 1747 3800 oum
1759 3742 1906 3814 pendente

1083 3816 1168 3872 venie
1184 3816 1381 3888 prospicimus
1397 3821 1667 3944 anasnenteecle
1693 3817 1759 3871 site
1784 3812 1905 3886 piaculi,

1082 3887 1269 3948 constitutas.
1287 3905 1353 3944 cum
1378 3904 1396 3943 4
1418 3889 1476 3944 buo
1500 3885 1618 3942 liberari
1641 3904 1700 3942 non
1725 3886 1821 3944 dicam
1846 3901 1905 3941 non

1083 3975 1248 4027 meremur3
1267 3975 1336 4016 nem
1351 3961 1419 4032 quis
1435 3959 1539 4014 merita
1554 3974 1607 4014 sue
1621 3973 1719 4014 coram
1737 3963 1793 4012 Deo
1817 3972 1903 4028 repu-

1083 4036 1144 4086 tare
1158 4031 1235 4086 ausit
1247 4031 1401 4102 unquam?
1416 4032 1467 4087 sed
1482 4045 1549 4086 eum
1564 4029 1661 4086 adbuc
1675 4047 1732 4086 uon
1756 4043 1905 4084 meremur

1083 4108 1116 4158 ut
1130 4105 1289 4171 possimus,
1306 4103 1404 4160 divine
1419 4102 1617 4158 misericordia
1631 4103 1674 4157 sic
1701 4100 1846 4174 largiente
1868 4101 1905 4154 de

1082 4191 1145 4235 sno.
1163 4173 1275 4230 mereri.
1293 4175 1358 4230 ltro,

1117 4245 1173 4318 (54)
1190 4245 1288 4302 Seruus
1313 4245 1440 4302 libertate
1465 4246 1590 4300 mutatus
1614 4245 1837 4299 Sacramentum
1866 4240 1904 4296 li·

1081 4316 1212 4386 bertetia,
1229 4317 1348 4386 vertigo,
1366 4314 1539 4372 mutationis
1554 4315 1683 4388 siguum.
1699 4313 1775 4370 ilinc
1788 4311 1852 4378 ille,

1267 4406 1369 4465 Quibus
1385 4417 1440 4455 una
1454 4403 1591 4462 Quiritem.

1081 4529 1116 4586 Et
1316 4469 1415 4532 Virttgo
1429 4467 1500 4518 lecit.

1267 4601 1402 4651 Memento
1417 4599 1533 4650 turbinis
1550 4599 1613 4651 exit.

1313 4663 1418 4713 Marcus
1432 4663 1524 4712 Dema.

207 4747 244 4803 ba
266 4746 388 4801 tismum
405 4741 605 4813 impetraudae.
622 4740 686 4795 llio.
1082 4743 1115 4799 44
1129 4743 1177 4814 qui
1195 4744 1230 4798 da
1245 4742 1371 4798 ethnicis
1388 4743 1464 4798 flunt
1477 4740 1647 4808 Christiani,
1673 4739 1814 4796 dicuntur
1837 4753 1908 4792 ouu-

241 4763 298 4890 447)
319 4819 506 4874 commentum
533 4812 588 4868 sibi
611 4813 731 4881 (444444.
764 4813 950 4870 Docebantur
975 4833 1027 4872 eu·
1082 4816 1156 4870 versi
1176 4817 1211 4871 ad
1230 4819 1319 4872 Deum
1333 4814 1443 4871 44414444
1457 4829 1569 4882 verum,
1584 4811 1695 4869 4444414
1712 4811 1823 4868 servire
1839 4827 1908 4864 vere

205 4889 394 4946 4444444444
424 4885 520 4942 solum
546 4898 634 4955 quam
660 4898 747 4954 grave
773 4889 803 4939 et
831 4886 1027 4956 periculosum
1083 4885 1269 4944 estlibertae.
1286 4891 1349 4942 lto.

205 4964 284 5017 essct
299 4972 427 5031 pecuare,
445 4957 595 5026 Deumque
609 4954 719 5009 iratum
734 4953 841 5012 bebere
868 4959 919 5014 sed
937 4959 1025 5014 etism
1117 4957 1173 5028 (52)
1187 4963 1243 5015 Pro
1256 4960 1330 5014 nolis
1343 4959 1401 5012 suis
1412 4957 1521 5028 salapit.
1538 4959 1628 5012 Notas
1655 4952 1799 5010 militares
1823 4951 1909 5016 dicit,

205 5029 305 5088 omnia
333 5034 408 5086 retro
436 5028 543 5084 delicta
567 5025 716 5097 baptismo
745 5029 914 5096 condonari,
950 5031 1027 5086 uude
1082 5027 1645 5100 quibusmilasdeuotatur,obdeliota
1665 5023 1910 5096 militarie‚puta

205 5103 246 5158 ait
259 5101 459 5158 Tertullianus
474 5097 648 5172 quibusdam
666 5099 804 5167 peccandi
820 5100 973 5156 audaciam
998 5106 1028 5157 et
1081 5102 1104 5157 si
1122 5101 1220 5168 luerit,
1236 5117 1383 5167 emansor,
1407 5099 1548 5165 desertor,
1577 5099 1745 5164 seditiosus,
1770 5100 1829 5152 sto.
1853 5099 1910 5150 lta·

206 5175 390 5231 securitatem
407 5170 553 5244 ejusmodi
571 5169 723 5241 preceptis
738 5171 811 5227 lieri.
828 5183 952 5231 444444.
1081 5173 1146 5229 dem
1178 5174 1350 5244 metaphora
1380 5172 1417 5228 de
1458 5171 1556 5241 seipso
1591 5170 1677 5236 diost,
1719 5174 1909 5250 peccatorem

240 5247 297 5317 (48)
312 5247 365 5303 lloc
374 5249 414 5303 est
422 5245 546 5371 gretiam
559 5256 616 5296 444
630 5241 766 5298 extitere.
780 5243 813 5299 ld
829 5250 946 5300 cautum
963 5243 1026 5300 lus·
1080 5243 1213 5300 omnium
1231 5251 1376 5308 notarum,
1394 5243 1449 5298 sub
1464 5241 1550 5298 Dnem
1568 5240 1658 5313 hujus
1678 5255 1786 5311 operis.
1803 5243 1868 5294 ltm.

205 5322 250 5373 rat
265 5317 328 5390 lege
344 5319 378 5373 12
392 5323 421 5372 ta
445 5357 451 5370 .
475 5311 695 5394 reconditoria
720 5329 767 5368 res
794 5316 919 5386 emptori
944 5314 1028 5372 aliter
1116 5315 1173 5388 (53)
1189 5317 1255 5386 onis
1270 5317 1346 5372 enim
1363 5316 1415 5372 titi
1439 5318 1496 5368 tom
1523 5313 1618 5387 infida
1645 5311 1818 5384 ponitentiae
1847 5309 1911 5365 niro

204 5390 519 5472 aequiraretur,quem
539 5384 562 5440 si
580 5385 1026 5472 4444444444444444444,5444-
1080 5391 1251 5471 osperpinem
1279 5404 1364 5471 enom
1401 5383 1547 5456 cuiuslibet
1582 5399 1663 5458 oquae
1699 5379 1912 5466 cammarus

204 5461 283 5545 44444
298 5461 422 5543 lust-de
438 5473 536 5541 rerum
560 5453 704 5510 drvrsroue
728 5463 757 5512 et
781 5474 816 5514 ex
836 5475 903 5530 (444
931 5461 1026 5516 Attico
1080 5459 1181 5543 Qualis
1196 5460 1247 5516 ills
1263 5460 1318 5516 furt
1338 5459 1508 5539 lsiaoornm,
1532 5473 1622 5529 quam
1644 5461 1775 5528 apertius
1799 5454 1913 5508 desort-

205 5538 329 5617 petrtum
343 5549 349 5588 :
363 5532 406 5616 Ι44
431 5545 523 5609 444441
534 5524 658 5608 Graecam
675 5526 762 5609 'fider-n
785 5536 868 5587 vocat
892 5532 1025 5600 Plautus,
1081 5531 1125 5586 brt
1141 5532 1190 5588 l1b.
1206 5531 1239 5589 ds
1253 5532 1382 5615 Bopttn:
1402 5552 1413 5580 ι
1430 5526 1532 5612 414444,
1543 5530 1658 5593 domos,
1675 5525 1912 5607 temple-totas-

205 5607 402 5744 krbfrgrnfflgss
416 5598 946 5730 mirisvpppuffhrnxlillprcsssulrsfgtrzrfflscgr
958 5604 1027 5659 bono
1081 5618 1138 5731 {⁰0⁰
1154 5603 1241 5660 urbes
1257 5617 1410 5677 aspergine
1438 5600 1613 5658 circumlato
1637 5616 1720 5673 eque
1743 5599 1876 5670 expiant.
1896 5617 1913 5644 4

242 5715 485 5816 (4944444444
499 5712 536 5798 ae
547 5709 638 5806 rosor,
658 5712 694 5816 r'se
716 5686 835 5800 {datlen
860 5715 946 5818 tege·
959 5748 1027 5804 Gor·
1108 5693 1152 5790 ¹ss
1180 5747 1359 5820 Arperpinem
1383 5763 1469 5806 enom
1505 5745 1655 5822 cujuslibet
1686 5756 1779 5816 oque·
1816 5743 1916 5810 444444
