<?xml version="1.0" encoding="UTF-8"?>
<!DOCTYPE html PUBLIC "-//W3C//DTD XHTML 1.0 Transitional//EN"
    "http://www.w3.org/TR/xhtml1/DTD/xhtml1-transitional.dtd">
<html xmlns="http://www.w3.org/1999/xhtml" xml:lang="en" lang="en">
 <head>
  <title>
</title>
<meta http-equiv="Content-Type" content="text/html;charset=utf-8" />
  <meta name='ocr-system' content='tesseract 3.04.00' />
  <meta name='ocr-capabilities' content='ocr_page ocr_carea ocr_par ocr_line ocrx_word'/>
</head>
<body>
  <div class='ocr_page' id='page_1' title='image "./patrologiaecurs98unkngoog/patrologiaecurs98unkngoog_0100.png"; bbox 0 0 4050 6186; ppageno 0'>
   <div class='ocr_carea' id='block_1_1' title="bbox 6 0 1830 363">
    <p class='ocr_par' dir='ltr' id='par_1_1' title="bbox 6 0 1830 363">
     <span class='ocr_line' id='line_1_1' title="bbox 6 0 1830 363; baseline 0.001 -328"><span class='ocrx_word' id='word_1_1' title='bbox 6 7 570 363; x_wconf 73' lang='grc' dir='ltr'><strong>ι,</strong></span> <span class='ocrx_word' id='word_1_2' title='bbox 575 1 976 57; x_wconf 57' lang='grc' dir='ltr'><strong>·ι*-.;τ*τ’”-Τ··“”“-</strong></span> <span class='ocrx_word' id='word_1_3' title='bbox 1021 1 1028 4; x_wconf 85' lang='grc'><em>“</em></span> <span class='ocrx_word' id='word_1_4' title='bbox 1061 1 1128 23; x_wconf 53' lang='lat' dir='ltr'><strong>&#39;T‘</strong></span> <span class='ocrx_word' id='word_1_5' title='bbox 1154 1 1308 24; x_wconf 66' lang='grc'><em>“““““·”’·</em></span> <span class='ocrx_word' id='word_1_6' title='bbox 1339 1 1427 16; x_wconf 74' lang='grc'><strong>“·”’“·</strong></span> <span class='ocrx_word' id='word_1_7' title='bbox 1457 0 1460 1; x_wconf 72' lang='grc'>’</span> <span class='ocrx_word' id='word_1_8' title='bbox 1728 1 1830 4; x_wconf 79' lang='grc'><strong>”““’““</strong></span> 
     </span>
    </p>
   </div>
   <div class='ocr_carea' id='block_1_2' title="bbox 114 357 1799 438">
    <p class='ocr_par' dir='ltr' id='par_1_2' title="bbox 114 357 1799 438">
     <span class='ocr_line' id='line_1_2' title="bbox 114 357 1799 438; baseline -0.004 -4"><span class='ocrx_word' id='word_1_9' title='bbox 114 375 162 434; x_wconf 85' lang='grc'><strong>189</strong></span> <span class='ocrx_word' id='word_1_10' title='bbox 531 375 580 436; x_wconf 78' lang='lat' dir='ltr'><strong>eo</strong></span> <span class='ocrx_word' id='word_1_11' title='bbox 603 373 797 438; x_wconf 75' lang='lat' dir='ltr'><strong>bocurtus</strong></span> <span class='ocrx_word' id='word_1_12' title='bbox 822 371 1074 436; x_wconf 80' lang='lat' dir='ltr'><strong>SClthTORUM</strong></span> <span class='ocrx_word' id='word_1_13' title='bbox 1096 368 1361 434; x_wconf 80' lang='lat' dir='ltr'><strong>TttltTULttaltt</strong></span> <span class='ocrx_word' id='word_1_14' title='bbox 1740 357 1799 418; x_wconf 77' lang='grc'><strong>190</strong></span> 
     </span>
    </p>
   </div>
   <div class='ocr_carea' id='block_1_3' title="bbox 106 491 1812 5493">
    <p class='ocr_par' dir='ltr' id='par_1_3' title="bbox 110 491 1804 1204">
     <span class='ocr_line' id='line_1_3' title="bbox 114 491 1800 580; baseline -0.008 -18"><span class='ocrx_word' id='word_1_15' title='bbox 114 505 178 579; x_wconf 91' lang='lat' dir='ltr'><strong>quod</strong></span> <span class='ocrx_word' id='word_1_16' title='bbox 202 503 391 578; x_wconf 70' lang='lat' dir='ltr'>probabiliter</span> <span class='ocrx_word' id='word_1_17' title='bbox 418 506 455 562; x_wconf 89' lang='lat' dir='ltr'><strong>de</strong></span> <span class='ocrx_word' id='word_1_18' title='bbox 484 505 539 564; x_wconf 87' lang='lat' dir='ltr'><strong>bae</strong></span> <span class='ocrx_word' id='word_1_19' title='bbox 567 506 713 580; x_wconf 86' lang='lat' dir='ltr'><strong>disputari</strong></span> <span class='ocrx_word' id='word_1_20' title='bbox 737 506 850 580; x_wconf 80' lang='lat' dir='ltr'><strong>possit),</strong></span> <span class='ocrx_word' id='word_1_21' title='bbox 868 506 918 562; x_wconf 86' lang='lat' dir='ltr'><strong>sed</strong></span> <span class='ocrx_word' id='word_1_22' title='bbox 932 505 961 574; x_wconf 76' lang='grc' dir='ltr'><strong>Α</strong></span> <span class='ocrx_word' id='word_1_23' title='bbox 977 505 1106 579; x_wconf 86' lang='lat' dir='ltr'><strong>gendum</strong></span> <span class='ocrx_word' id='word_1_24' title='bbox 1123 503 1272 562; x_wconf 86' lang='lat' dir='ltr'><strong>Hermiani</strong></span> <span class='ocrx_word' id='word_1_25' title='bbox 1301 499 1393 558; x_wconf 90' lang='lat' dir='ltr'><strong>libelli</strong></span> <span class='ocrx_word' id='word_1_26' title='bbox 1421 494 1626 554; x_wconf 87' lang='lat' dir='ltr'><strong>auctoritatem</strong></span> <span class='ocrx_word' id='word_1_27' title='bbox 1646 491 1800 548; x_wconf 83' lang='lat' dir='ltr'><strong>torosam·</strong></span> 
     </span>
     <span class='ocr_line' id='line_1_4' title="bbox 112 580 1799 670; baseline -0.002 -18"><span class='ocrx_word' id='word_1_28' title='bbox 112 599 229 652; x_wconf 78' lang='lat' dir='ltr'><strong>recusate</strong></span> <span class='ocrx_word' id='word_1_29' title='bbox 243 594 342 667; x_wconf 90' lang='lat' dir='ltr'><strong>ipsum</strong></span> <span class='ocrx_word' id='word_1_30' title='bbox 359 611 470 652; x_wconf 91' lang='lat' dir='ltr'><strong>anuum</strong></span> <span class='ocrx_word' id='word_1_31' title='bbox 494 593 671 670; x_wconf 90' lang='lat' dir='ltr'><strong>scriptorum</strong></span> <span class='ocrx_word' id='word_1_32' title='bbox 689 595 831 653; x_wconf 89' lang='lat' dir='ltr'><strong>librorum</strong></span> <span class='ocrx_word' id='word_1_33' title='bbox 846 597 919 652; x_wconf 85' lang='lat' dir='ltr'><strong>delr-</strong></span> <span class='ocrx_word' id='word_1_34' title='bbox 976 596 1145 668; x_wconf 87' lang='lat' dir='ltr'><strong>dem,quam</strong></span> <span class='ocrx_word' id='word_1_35' title='bbox 1158 609 1310 652; x_wconf 87' lang='lat' dir='ltr'><strong>sacrorum</strong></span> <span class='ocrx_word' id='word_1_36' title='bbox 1324 591 1466 646; x_wconf 89' lang='lat' dir='ltr'><strong>librorum</strong></span> <span class='ocrx_word' id='word_1_37' title='bbox 1480 583 1596 659; x_wconf 72' lang='lat' dir='ltr'><strong>putarit</strong></span> <span class='ocrx_word' id='word_1_38' title='bbox 1613 580 1799 654; x_wconf 67' lang='lat' dir='ltr'><strong>q1¹0d5l³⁸¹1¹¹¹</strong></span> 
     </span>
     <span class='ocr_line' id='line_1_5' title="bbox 112 670 1800 758; baseline -0.011 -17"><span class='ocrx_word' id='word_1_39' title='bbox 112 685 158 741; x_wconf 89' lang='lat' dir='ltr'><strong>uiri</strong></span> <span class='ocrx_word' id='word_1_40' title='bbox 172 699 263 756; x_wconf 87' lang='lat' dir='ltr'><strong>posse,</strong></span> <span class='ocrx_word' id='word_1_41' title='bbox 279 683 309 740; x_wconf 91' lang='lat' dir='ltr'><strong>id</strong></span> <span class='ocrx_word' id='word_1_42' title='bbox 329 683 448 757; x_wconf 89' lang='lat' dir='ltr'><strong>quidem</strong></span> <span class='ocrx_word' id='word_1_43' title='bbox 473 685 618 742; x_wconf 88' lang='lat' dir='ltr'><strong>sudemus</strong></span> <span class='ocrx_word' id='word_1_44' title='bbox 635 701 742 758; x_wconf 80' lang='lat' dir='ltr'><strong>negare</strong></span> <span class='ocrx_word' id='word_1_45' title='bbox 758 689 921 758; x_wconf 89' lang='lat' dir='ltr'><strong>propterea,</strong></span> <span class='ocrx_word' id='word_1_46' title='bbox 975 702 1010 743; x_wconf 85' lang='lat' dir='ltr'><strong>ex</strong></span> <span class='ocrx_word' id='word_1_47' title='bbox 1023 701 1056 743; x_wconf 91' lang='lat' dir='ltr'><strong>eo</strong></span> <span class='ocrx_word' id='word_1_48' title='bbox 1072 689 1161 758; x_wconf 89' lang='lat' dir='ltr'><strong>patet,</strong></span> <span class='ocrx_word' id='word_1_49' title='bbox 1178 685 1255 758; x_wconf 88' lang='lat' dir='ltr'><strong>quod</strong></span> <span class='ocrx_word' id='word_1_50' title='bbox 1271 699 1339 740; x_wconf 91' lang='lat' dir='ltr'><strong>eum</strong></span> <span class='ocrx_word' id='word_1_51' title='bbox 1356 683 1456 754; x_wconf 85' lang='lat' dir='ltr'><strong>postea</strong></span> <span class='ocrx_word' id='word_1_52' title='bbox 1485 690 1606 748; x_wconf 88' lang='lat' dir='ltr'><strong>prorsus</strong></span> <span class='ocrx_word' id='word_1_53' title='bbox 1628 670 1800 741; x_wconf 86' lang='lat' dir='ltr'><strong>Scriptorum</strong></span> 
     </span>
     <span class='ocr_line' id='line_1_6' title="bbox 111 758 1800 848; baseline -0.009 -18"><span class='ocrx_word' id='word_1_54' title='bbox 111 775 177 847; x_wconf 91' lang='lat' dir='ltr'><strong>quod</strong></span> <span class='ocrx_word' id='word_1_55' title='bbox 192 771 279 828; x_wconf 81' lang='lat' dir='ltr'><strong>nulla</strong></span> <span class='ocrx_word' id='word_1_56' title='bbox 295 773 326 829; x_wconf 91' lang='lat' dir='ltr'><strong>in</strong></span> <span class='ocrx_word' id='word_1_57' title='bbox 349 773 387 830; x_wconf 85' lang='lat' dir='ltr'><strong>iio</strong></span> <span class='ocrx_word' id='word_1_58' title='bbox 402 777 472 829; x_wconf 90' lang='lat' dir='ltr'><strong>sunt</strong></span> <span class='ocrx_word' id='word_1_59' title='bbox 500 773 732 846; x_wconf 83' lang='lat' dir='ltr'><strong>significationes</strong></span> <span class='ocrx_word' id='word_1_60' title='bbox 745 781 841 846; x_wconf 86' lang='lat' dir='ltr'><strong>certae,</strong></span> <span class='ocrx_word' id='word_1_61' title='bbox 857 791 921 848; x_wconf 82' lang='lat' dir='ltr'><strong>que</strong></span> <span class='ocrx_word' id='word_1_62' title='bbox 976 775 1064 844; x_wconf 90' lang='lat' dir='ltr'><strong>dieat,</strong></span> <span class='ocrx_word' id='word_1_63' title='bbox 1089 791 1182 848; x_wconf 89' lang='lat' dir='ltr'><strong>neque</strong></span> <span class='ocrx_word' id='word_1_64' title='bbox 1207 773 1248 830; x_wconf 91' lang='lat' dir='ltr'><strong>sic</strong></span> <span class='ocrx_word' id='word_1_65' title='bbox 1276 789 1356 840; x_wconf 91' lang='lat' dir='ltr'><strong>eum,</strong></span> <span class='ocrx_word' id='word_1_66' title='bbox 1373 774 1405 825; x_wconf 89' lang='lat' dir='ltr'><strong>ut</strong></span> <span class='ocrx_word' id='word_1_67' title='bbox 1433 765 1546 839; x_wconf 78' lang='lat' dir='ltr'>opinor,</span> <span class='ocrx_word' id='word_1_68' title='bbox 1569 759 1754 834; x_wconf 84' lang='lat' dir='ltr'><strong>appellasset,</strong></span> <span class='ocrx_word' id='word_1_69' title='bbox 1775 758 1800 812; x_wconf 87' lang='lat' dir='ltr'><strong>si</strong></span> 
     </span>
     <span class='ocr_line' id='line_1_7' title="bbox 110 850 1803 937; baseline -0.011 -19"><span class='ocrx_word' id='word_1_70' title='bbox 110 861 237 918; x_wconf 84' lang='lat' dir='ltr'><strong>uindicari</strong></span> <span class='ocrx_word' id='word_1_71' title='bbox 252 866 332 919; x_wconf 89' lang='lat' dir='ltr'><strong>certo</strong></span> <span class='ocrx_word' id='word_1_72' title='bbox 357 861 485 936; x_wconf 87' lang='lat' dir='ltr'><strong>quodam</strong></span> <span class='ocrx_word' id='word_1_73' title='bbox 510 879 544 920; x_wconf 89' lang='lat' dir='ltr'><strong>ao</strong></span> <span class='ocrx_word' id='word_1_74' title='bbox 566 863 687 921; x_wconf 87' lang='lat' dir='ltr'><strong>delinito</strong></span> <span class='ocrx_word' id='word_1_75' title='bbox 703 880 780 920; x_wconf 87' lang='lat' dir='ltr'><strong>anno</strong></span> <span class='ocrx_word' id='word_1_76' title='bbox 796 865 921 937; x_wconf 78' lang='lat' dir='ltr'>possint.</span> <span class='ocrx_word' id='word_1_77' title='bbox 976 867 1037 920; x_wconf 89' lang='lat' dir='ltr'><strong>tam</strong></span> <span class='ocrx_word' id='word_1_78' title='bbox 1051 865 1108 937; x_wconf 90' lang='lat' dir='ltr'><strong>ipsi</strong></span> <span class='ocrx_word' id='word_1_79' title='bbox 1133 867 1319 934; x_wconf 89' lang='lat' dir='ltr'><strong>contemptus</strong></span> <span class='ocrx_word' id='word_1_80' title='bbox 1351 864 1475 914; x_wconf 85' lang='lat' dir='ltr'><strong>Hermas</strong></span> <span class='ocrx_word' id='word_1_81' title='bbox 1503 852 1618 918; x_wconf 88' lang='lat' dir='ltr'><strong>luisset,</strong></span> <span class='ocrx_word' id='word_1_82' title='bbox 1634 865 1722 922; x_wconf 88' lang='lat' dir='ltr'><strong>quam</strong></span> <span class='ocrx_word' id='word_1_83' title='bbox 1738 850 1803 903; x_wconf 90' lang='lat' dir='ltr'><strong>crat</strong></span> 
     </span>
     <span class='ocr_line' id='line_1_8' title="bbox 110 937 1803 1026; baseline -0.011 -18"><span class='ocrx_word' id='word_1_84' title='bbox 110 951 157 1008; x_wconf 85' lang='lat' dir='ltr'><strong>Sed</strong></span> <span class='ocrx_word' id='word_1_85' title='bbox 170 951 203 1006; x_wconf 90' lang='lat' dir='ltr'><strong>ad</strong></span> <span class='ocrx_word' id='word_1_86' title='bbox 218 950 402 1024; x_wconf 90' lang='lat' dir='ltr'><strong>propositum</strong></span> <span class='ocrx_word' id='word_1_87' title='bbox 419 951 583 1010; x_wconf 86' lang='lat' dir='ltr'><strong>veniamus.</strong></span> <span class='ocrx_word' id='word_1_88' title='bbox 978 959 1107 1026; x_wconf 89' lang='lat' dir='ltr'><strong>tempore</strong></span> <span class='ocrx_word' id='word_1_89' title='bbox 1135 951 1295 1024; x_wconf 77' lang='lat' dir='ltr'><strong>conscripti</strong></span> <span class='ocrx_word' id='word_1_90' title='bbox 1323 949 1357 1004; x_wconf 84' lang='lat' dir='ltr'><strong>de</strong></span> <span class='ocrx_word' id='word_1_91' title='bbox 1379 945 1521 1005; x_wconf 77' lang='lat' dir='ltr'><strong><em>Pudicitia</em></strong></span> <span class='ocrx_word' id='word_1_92' title='bbox 1549 937 1625 997; x_wconf 87' lang='lat' dir='ltr'><strong>libri.</strong></span> <span class='ocrx_word' id='word_1_93' title='bbox 1647 938 1703 995; x_wconf 88' lang='lat' dir='ltr'><strong>Sed</strong></span> <span class='ocrx_word' id='word_1_94' title='bbox 1731 938 1803 992; x_wconf 90' lang='lat' dir='ltr'><strong>sunt</strong></span> 
     </span>
     <span class='ocr_line' id='line_1_9' title="bbox 110 1027 1804 1132; baseline -0.01 -36"><span class='ocrx_word' id='word_1_95' title='bbox 110 1059 160 1132; x_wconf 60' lang='grc' dir='ltr'><strong>ἕρ,</strong></span> <span class='ocrx_word' id='word_1_96' title='bbox 175 1087 208 1100; x_wconf 95' lang='grc'><strong>...</strong></span> <span class='ocrx_word' id='word_1_97' title='bbox 221 1059 495 1118; x_wconf 57' lang='lat' dir='ltr'><strong>qqperqpomqqm</strong></span> <span class='ocrx_word' id='word_1_98' title='bbox 516 1063 583 1114; x_wconf 54' lang='lat' dir='ltr'><strong>unqe</strong></span> <span class='ocrx_word' id='word_1_99' title='bbox 606 1059 785 1130; x_wconf 60' lang='lat' dir='ltr'><strong>dpsoeqqom</strong></span> <span class='ocrx_word' id='word_1_100' title='bbox 808 1059 923 1131; x_wconf 51' lang='grc' dir='ltr'><strong>κηρία,</strong></span> <span class='ocrx_word' id='word_1_101' title='bbox 977 1040 1129 1098; x_wconf 88' lang='lat' dir='ltr'><strong>bieetiam</strong></span> <span class='ocrx_word' id='word_1_102' title='bbox 1146 1041 1203 1098; x_wconf 87' lang='lat' dir='ltr'><strong>alia</strong></span> <span class='ocrx_word' id='word_1_103' title='bbox 1218 1037 1389 1096; x_wconf 77' lang='lat' dir='ltr'><strong>Tertulliani</strong></span> <span class='ocrx_word' id='word_1_104' title='bbox 1407 1031 1621 1092; x_wconf 90' lang='lat' dir='ltr'><strong>dictamultum</strong></span> <span class='ocrx_word' id='word_1_105' title='bbox 1637 1027 1804 1098; x_wconf 87' lang='lat' dir='ltr'><strong>discrepan-</strong></span> 
     </span>
     <span class='ocr_line' id='line_1_10' title="bbox 294 1114 1800 1204; baseline -0.013 -17"><span class='ocrx_word' id='word_1_106' title='bbox 294 1135 321 1187; x_wconf 89' lang='lat' dir='ltr'><strong>et</strong></span> <span class='ocrx_word' id='word_1_107' title='bbox 334 1147 410 1187; x_wconf 85' lang='lat' dir='ltr'><strong>auno</strong></span> <span class='ocrx_word' id='word_1_108' title='bbox 426 1131 486 1200; x_wconf 84' lang='grc'><strong>196,</strong></span> <span class='ocrx_word' id='word_1_109' title='bbox 502 1131 547 1187; x_wconf 89' lang='lat' dir='ltr'><strong>uel</strong></span> <span class='ocrx_word' id='word_1_110' title='bbox 563 1131 613 1186; x_wconf 84' lang='grc'><strong>197</strong></span> <span class='ocrx_word' id='word_1_111' title='bbox 627 1131 727 1188; x_wconf 82' lang='lat' dir='ltr'><strong>aditus.</strong></span> <span class='ocrx_word' id='word_1_112' title='bbox 977 1131 1019 1187; x_wconf 90' lang='lat' dir='ltr'><strong>tia</strong></span> <span class='ocrx_word' id='word_1_113' title='bbox 1032 1131 1069 1188; x_wconf 91' lang='lat' dir='ltr'><strong>ab</strong></span> <span class='ocrx_word' id='word_1_114' title='bbox 1085 1131 1122 1188; x_wconf 88' lang='lat' dir='ltr'><strong>iis</strong></span> <span class='ocrx_word' id='word_1_115' title='bbox 1137 1145 1202 1204; x_wconf 79' lang='lat' dir='ltr'><strong>quae</strong></span> <span class='ocrx_word' id='word_1_116' title='bbox 1230 1129 1259 1186; x_wconf 93' lang='lat' dir='ltr'><strong>in</strong></span> <span class='ocrx_word' id='word_1_117' title='bbox 1288 1127 1372 1184; x_wconf 88' lang='lat' dir='ltr'><strong>libris</strong></span> <span class='ocrx_word' id='word_1_118' title='bbox 1401 1119 1616 1181; x_wconf 87' lang='lat' dir='ltr'><strong>Montanisticis</strong></span> <span class='ocrx_word' id='word_1_119' title='bbox 1637 1114 1800 1190; x_wconf 80' lang='lat' dir='ltr'>proposuit,</span> 
     </span>
    </p>

    <p class='ocr_par' dir='ltr' id='par_1_4' title="bbox 106 1204 1812 5493">
     <span class='ocr_line' id='line_1_11' title="bbox 140 1204 1802 1294; baseline -0.009 -20"><span class='ocrx_word' id='word_1_120' title='bbox 140 1217 221 1274; x_wconf 83' lang='lat' dir='ltr'><strong>Primi</strong></span> <span class='ocrx_word' id='word_1_121' title='bbox 246 1211 363 1292; x_wconf 54' lang='lat' dir='ltr'><strong>penoris</strong></span> <span class='ocrx_word' id='word_1_122' title='bbox 388 1218 465 1275; x_wconf 89' lang='lat' dir='ltr'><strong>baud</strong></span> <span class='ocrx_word' id='word_1_123' title='bbox 490 1219 579 1277; x_wconf 89' lang='lat' dir='ltr'><strong>dubis</strong></span> <span class='ocrx_word' id='word_1_124' title='bbox 603 1220 659 1276; x_wconf 91' lang='lat' dir='ltr'><strong>dici</strong></span> <span class='ocrx_word' id='word_1_125' title='bbox 687 1223 782 1293; x_wconf 86' lang='lat' dir='ltr'><strong>potest</strong></span> <span class='ocrx_word' id='word_1_126' title='bbox 804 1219 925 1276; x_wconf 87' lang='lat' dir='ltr'><strong>liberde</strong></span> <span class='ocrx_word' id='word_1_127' title='bbox 979 1237 1042 1294; x_wconf 64' lang='lat' dir='ltr'><strong>quse</strong></span> <span class='ocrx_word' id='word_1_128' title='bbox 1064 1221 1224 1277; x_wconf 88' lang='lat' dir='ltr'><strong>ostendunt</strong></span> <span class='ocrx_word' id='word_1_129' title='bbox 1247 1216 1410 1274; x_wconf 86' lang='lat' dir='ltr'><strong>clarissime</strong></span> <span class='ocrx_word' id='word_1_130' title='bbox 1426 1220 1488 1269; x_wconf 94' lang='lat' dir='ltr'><strong>tum</strong></span> <span class='ocrx_word' id='word_1_131' title='bbox 1503 1211 1589 1282; x_wconf 83' lang='lat' dir='ltr'><strong>longe</strong></span> <span class='ocrx_word' id='word_1_132' title='bbox 1605 1205 1693 1263; x_wconf 87' lang='lat' dir='ltr'><strong>aliam</strong></span> <span class='ocrx_word' id='word_1_133' title='bbox 1710 1204 1802 1259; x_wconf 79' lang='lat' dir='ltr'><strong>tuisse</strong></span> 
     </span>
     <span class='ocr_line' id='line_1_12' title="bbox 110 1292 1805 1392; baseline -0.004 -28"><span class='ocrx_word' id='word_1_134' title='bbox 110 1307 240 1378; x_wconf 80' lang='lat' dir='ltr'><strong>Oratione,</strong></span> <span class='ocrx_word' id='word_1_135' title='bbox 258 1307 321 1380; x_wconf 86' lang='lat' dir='ltr'><strong>qui,</strong></span> <span class='ocrx_word' id='word_1_136' title='bbox 345 1308 402 1364; x_wconf 89' lang='lat' dir='ltr'><strong>nisi</strong></span> <span class='ocrx_word' id='word_1_137' title='bbox 422 1308 611 1366; x_wconf 87' lang='lat' dir='ltr'><strong>vehementer</strong></span> <span class='ocrx_word' id='word_1_138' title='bbox 640 1308 734 1375; x_wconf 87' lang='lat' dir='ltr'><strong>lallar,</strong></span> <span class='ocrx_word' id='word_1_139' title='bbox 752 1310 925 1392; x_wconf 89' lang='lat' dir='ltr'><strong>primusest</strong></span> <span class='ocrx_word' id='word_1_140' title='bbox 978 1308 1149 1367; x_wconf 77' lang='lat' dir='ltr'><strong>Tertulliani</strong></span> <span class='ocrx_word' id='word_1_141' title='bbox 1180 1307 1362 1378; x_wconf 84' lang='lat' dir='ltr'><strong>disciplinam</strong></span> <span class='ocrx_word' id='word_1_142' title='bbox 1400 1317 1489 1376; x_wconf 89' lang='lat' dir='ltr'><strong>quam</strong></span> <span class='ocrx_word' id='word_1_143' title='bbox 1522 1302 1631 1372; x_wconf 83' lang='lat' dir='ltr'><strong>postea.</strong></span> <span class='ocrx_word' id='word_1_144' title='bbox 1662 1292 1805 1350; x_wconf 63' lang='lat' dir='ltr'><strong>Videlicet</strong></span> 
     </span>
     <span class='ocr_line' id='line_1_13' title="bbox 110 1383 1802 1472; baseline -0.009 -20"><span class='ocrx_word' id='word_1_145' title='bbox 110 1396 231 1452; x_wconf 91' lang='lat' dir='ltr'><strong>omnium</strong></span> <span class='ocrx_word' id='word_1_146' title='bbox 248 1395 423 1454; x_wconf 75' lang='lat' dir='ltr'><strong>Tertulliani</strong></span> <span class='ocrx_word' id='word_1_147' title='bbox 440 1397 491 1471; x_wconf 89' lang='lat' dir='ltr'><strong>qui</strong></span> <span class='ocrx_word' id='word_1_148' title='bbox 513 1397 787 1467; x_wconf 74' lang='lat' dir='ltr'><strong>etatemtulerunt</strong></span> <span class='ocrx_word' id='word_1_149' title='bbox 804 1414 924 1472; x_wconf 88' lang='lat' dir='ltr'><strong>magno·</strong></span> <span class='ocrx_word' id='word_1_150' title='bbox 979 1399 1107 1456; x_wconf 85' lang='lat' dir='ltr'><strong>sectione</strong></span> <span class='ocrx_word' id='word_1_151' title='bbox 1123 1399 1155 1454; x_wconf 88' lang='lat'><strong>18</strong></span> <span class='ocrx_word' id='word_1_152' title='bbox 1170 1399 1213 1470; x_wconf 88' lang='lat' dir='ltr'><strong>(p.</strong></span> <span class='ocrx_word' id='word_1_153' title='bbox 1233 1397 1277 1467; x_wconf 87' lang='lat'><strong>35,</strong></span> <span class='ocrx_word' id='word_1_154' title='bbox 1295 1393 1423 1463; x_wconf 84' lang='lat' dir='ltr'><strong>lieret),</strong></span> <span class='ocrx_word' id='word_1_155' title='bbox 1449 1405 1516 1447; x_wconf 92' lang='lat' dir='ltr'><strong>cnm</strong></span> <span class='ocrx_word' id='word_1_156' title='bbox 1545 1387 1676 1458; x_wconf 90' lang='lat' dir='ltr'><strong>disputat</strong></span> <span class='ocrx_word' id='word_1_157' title='bbox 1701 1383 1802 1438; x_wconf 89' lang='lat' dir='ltr'><strong>adver-</strong></span> 
     </span>
     <span class='ocr_line' id='line_1_14' title="bbox 110 1469 1803 1561; baseline -0.009 -20"><span class='ocrx_word' id='word_1_158' title='bbox 110 1502 158 1556; x_wconf 87' lang='lat' dir='ltr'><strong>que</strong></span> <span class='ocrx_word' id='word_1_159' title='bbox 170 1486 303 1542; x_wconf 92' lang='lat' dir='ltr'><strong>omnium</strong></span> <span class='ocrx_word' id='word_1_160' title='bbox 319 1502 477 1554; x_wconf 85' lang='lat' dir='ltr'><strong>consensu,</strong></span> <span class='ocrx_word' id='word_1_161' title='bbox 493 1487 519 1543; x_wconf 91' lang='lat' dir='ltr'><strong>si</strong></span> <span class='ocrx_word' id='word_1_162' title='bbox 531 1487 568 1544; x_wconf 87' lang='lat' dir='ltr'><strong>ab</strong></span> <span class='ocrx_word' id='word_1_163' title='bbox 582 1487 759 1544; x_wconf 88' lang='lat' dir='ltr'><strong>Hollmanno</strong></span> <span class='ocrx_word' id='word_1_164' title='bbox 779 1487 925 1544; x_wconf 86' lang='lat' dir='ltr'><strong>discesse-</strong></span> <span class='ocrx_word' id='word_1_165' title='bbox 980 1505 1033 1546; x_wconf 92' lang='lat' dir='ltr'><strong>sus</strong></span> <span class='ocrx_word' id='word_1_166' title='bbox 1048 1505 1098 1545; x_wconf 88' lang='lat' dir='ltr'><strong>eos</strong></span> <span class='ocrx_word' id='word_1_167' title='bbox 1113 1487 1172 1561; x_wconf 89' lang='lat' dir='ltr'><strong>qui,</strong></span> <span class='ocrx_word' id='word_1_168' title='bbox 1188 1487 1259 1542; x_wconf 90' lang='lat' dir='ltr'><strong>dum</strong></span> <span class='ocrx_word' id='word_1_169' title='bbox 1285 1503 1316 1542; x_wconf 86' lang='lat' dir='ltr'><strong>ee</strong></span> <span class='ocrx_word' id='word_1_170' title='bbox 1343 1483 1408 1540; x_wconf 93' lang='lat' dir='ltr'><strong>cibo</strong></span> <span class='ocrx_word' id='word_1_171' title='bbox 1433 1478 1630 1542; x_wconf 87' lang='lat' dir='ltr'><strong>abstinebant,</strong></span> <span class='ocrx_word' id='word_1_172' title='bbox 1648 1489 1701 1531; x_wconf 87' lang='lat' dir='ltr'><strong>nee</strong></span> <span class='ocrx_word' id='word_1_173' title='bbox 1729 1469 1803 1528; x_wconf 89' lang='lat' dir='ltr'><strong>alios</strong></span> 
     </span>
     <span class='ocr_line' id='line_1_15' title="bbox 110 1563 1803 1650; baseline -0.009 -20"><span class='ocrx_word' id='word_1_174' title='bbox 110 1575 276 1648; x_wconf 85' lang='lat' dir='ltr'><strong>ris(llissert.</strong></span> <span class='ocrx_word' id='word_1_175' title='bbox 299 1577 347 1631; x_wconf 88' lang='lat' dir='ltr'><strong>cit.</strong></span> <span class='ocrx_word' id='word_1_176' title='bbox 373 1575 451 1650; x_wconf 80' lang='lat' dir='ltr'><strong>§ll,</strong></span> <span class='ocrx_word' id='word_1_177' title='bbox 481 1593 509 1649; x_wconf 93' lang='lat' dir='ltr'><strong>p.</strong></span> <span class='ocrx_word' id='word_1_178' title='bbox 539 1577 761 1648; x_wconf 73' lang='lat' dir='ltr'><strong>3lseq.)ou1&#39;us</strong></span> <span class='ocrx_word' id='word_1_179' title='bbox 786 1576 927 1632; x_wconf 77' lang='lat' dir='ltr'><strong>intererat</strong></span> <span class='ocrx_word' id='word_1_180' title='bbox 980 1575 1375 1648; x_wconf 83' lang='lat' dir='ltr'><strong>solebantesculoexcipera,</strong></span> <span class='ocrx_word' id='word_1_181' title='bbox 1391 1588 1446 1628; x_wconf 91' lang='lat' dir='ltr'><strong>uou</strong></span> <span class='ocrx_word' id='word_1_182' title='bbox 1462 1569 1512 1638; x_wconf 85' lang='lat' dir='ltr'><strong>ait,</strong></span> <span class='ocrx_word' id='word_1_183' title='bbox 1527 1567 1585 1622; x_wconf 87' lang='lat' dir='ltr'><strong>uisi</strong></span> <span class='ocrx_word' id='word_1_184' title='bbox 1612 1565 1662 1620; x_wconf 83' lang='lat' dir='ltr'><strong>dia</strong></span> <span class='ocrx_word' id='word_1_185' title='bbox 1681 1563 1803 1626; x_wconf 75' lang='lat' dir='ltr'><strong>Pascis,</strong></span> 
     </span>
     <span class='ocr_line' id='line_1_16' title="bbox 111 1652 1802 1740; baseline -0.009 -21"><span class='ocrx_word' id='word_1_186' title='bbox 111 1663 198 1720; x_wconf 86' lang='lat' dir='ltr'><strong>omnia</strong></span> <span class='ocrx_word' id='word_1_187' title='bbox 220 1663 397 1721; x_wconf 81' lang='lat' dir='ltr'><strong>Tertulliani</strong></span> <span class='ocrx_word' id='word_1_188' title='bbox 425 1664 533 1738; x_wconf 88' lang='lat' dir='ltr'><strong>scripta</strong></span> <span class='ocrx_word' id='word_1_189' title='bbox 560 1666 595 1722; x_wconf 89' lang='lat' dir='ltr'><strong>ad</strong></span> <span class='ocrx_word' id='word_1_190' title='bbox 624 1681 691 1722; x_wconf 91' lang='lat' dir='ltr'><strong>eum</strong></span> <span class='ocrx_word' id='word_1_191' title='bbox 715 1665 925 1722; x_wconf 88' lang='lat' dir='ltr'><strong>Moutauistom</strong></span> <span class='ocrx_word' id='word_1_192' title='bbox 980 1667 1199 1740; x_wconf 87' lang='lat' dir='ltr'><strong>quoeommuut&#39;s</strong></span> <span class='ocrx_word' id='word_1_193' title='bbox 1221 1673 1247 1722; x_wconf 90' lang='lat' dir='ltr'><strong>et</strong></span> <span class='ocrx_word' id='word_1_194' title='bbox 1269 1665 1352 1737; x_wconf 83' lang='lat' dir='ltr'><strong>quast</strong></span> <span class='ocrx_word' id='word_1_195' title='bbox 1376 1661 1488 1735; x_wconf 81' lang='lat' dir='ltr'><strong>publicu</strong></span> <span class='ocrx_word' id='word_1_196' title='bbox 1511 1655 1613 1730; x_wconf 74' lang='lat' dir='ltr'><strong>ieiunii</strong></span> <span class='ocrx_word' id='word_1_197' title='bbox 1640 1652 1738 1723; x_wconf 83' lang='lat' dir='ltr'><strong>reliqt&#39;o</strong></span> <span class='ocrx_word' id='word_1_198' title='bbox 1752 1658 1802 1720; x_wconf 86' lang='lat' dir='ltr'><strong>est,</strong></span> 
     </span>
     <span class='ocr_line' id='line_1_17' title="bbox 112 1739 1805 1828; baseline -0.009 -20"><span class='ocrx_word' id='word_1_199' title='bbox 112 1753 217 1822; x_wconf 81' lang='lat' dir='ltr'><strong>reterre,</strong></span> <span class='ocrx_word' id='word_1_200' title='bbox 232 1753 264 1808; x_wconf 91' lang='lat' dir='ltr'><strong>in</strong></span> <span class='ocrx_word' id='word_1_201' title='bbox 281 1752 366 1810; x_wconf 91' lang='lat' dir='ltr'><strong>libris</strong></span> <span class='ocrx_word' id='word_1_202' title='bbox 380 1754 514 1812; x_wconf 89' lang='lat' dir='ltr'><strong>castioris</strong></span> <span class='ocrx_word' id='word_1_203' title='bbox 530 1755 668 1812; x_wconf 77' lang='lat' dir='ltr'><strong>doctrina</strong></span> <span class='ocrx_word' id='word_1_204' title='bbox 684 1759 865 1812; x_wconf 85' lang='lat' dir='ltr'><strong>numeratur.</strong></span> <span class='ocrx_word' id='word_1_205' title='bbox 876 1757 926 1810; x_wconf 81' lang='lat' dir='ltr'><strong>At·</strong></span> <span class='ocrx_word' id='word_1_206' title='bbox 976 1757 1044 1828; x_wconf 85' lang='lat' dir='ltr'><strong>jure</strong></span> <span class='ocrx_word' id='word_1_207' title='bbox 1059 1756 1193 1812; x_wconf 89' lang='lat' dir='ltr'><strong>osculum</strong></span> <span class='ocrx_word' id='word_1_208' title='bbox 1209 1755 1319 1810; x_wconf 83' lang='lat' dir='ltr'><strong>caeteris</strong></span> <span class='ocrx_word' id='word_1_209' title='bbox 1335 1749 1436 1823; x_wconf 82' lang='lat' dir='ltr'><strong>negari</strong></span> <span class='ocrx_word' id='word_1_210' title='bbox 1453 1749 1557 1804; x_wconf 89' lang='lat' dir='ltr'><strong>debere</strong></span> <span class='ocrx_word' id='word_1_211' title='bbox 1569 1762 1576 1813; x_wconf 88' lang='lat'>;</span> <span class='ocrx_word' id='word_1_212' title='bbox 1588 1741 1666 1816; x_wconf 88' lang='lat' dir='ltr'><strong>quod</strong></span> <span class='ocrx_word' id='word_1_213' title='bbox 1677 1739 1805 1797; x_wconf 80' lang='lat' dir='ltr'><strong>ostendit</strong></span> 
     </span>
     <span class='ocr_line' id='line_1_18' title="bbox 111 1831 1804 1917; baseline -0.009 -21"><span class='ocrx_word' id='word_1_214' title='bbox 111 1857 159 1913; x_wconf 90' lang='lat' dir='ltr'><strong>que</strong></span> <span class='ocrx_word' id='word_1_215' title='bbox 170 1841 194 1898; x_wconf 90' lang='lat' dir='ltr'><strong>si</strong></span> <span class='ocrx_word' id='word_1_216' title='bbox 208 1842 287 1898; x_wconf 88' lang='lat' dir='ltr'><strong>lorte</strong></span> <span class='ocrx_word' id='word_1_217' title='bbox 301 1846 437 1916; x_wconf 85' lang='lat' dir='ltr'><strong>suspecta</strong></span> <span class='ocrx_word' id='word_1_218' title='bbox 452 1847 497 1900; x_wconf 87' lang='lat' dir='ltr'><strong>est</strong></span> <span class='ocrx_word' id='word_1_219' title='bbox 511 1843 594 1900; x_wconf 86' lang='lat' dir='ltr'><strong>tides.</strong></span> <span class='ocrx_word' id='word_1_220' title='bbox 605 1842 709 1900; x_wconf 84' lang='lat' dir='ltr'><strong>llilarii</strong></span> <span class='ocrx_word' id='word_1_221' title='bbox 722 1844 925 1914; x_wconf 85' lang='lat' dir='ltr'><strong>Pictaviensis,</strong></span> <span class='ocrx_word' id='word_1_222' title='bbox 982 1845 1111 1917; x_wconf 87' lang='lat' dir='ltr'><strong>prolecto</strong></span> <span class='ocrx_word' id='word_1_223' title='bbox 1125 1841 1337 1904; x_wconf 83' lang='lat' dir='ltr'><strong>Tertullianum</strong></span> <span class='ocrx_word' id='word_1_224' title='bbox 1354 1845 1418 1896; x_wconf 92' lang='lat' dir='ltr'><strong>tum</strong></span> <span class='ocrx_word' id='word_1_225' title='bbox 1438 1853 1473 1894; x_wconf 80' lang='lat' dir='ltr'><strong>ex</strong></span> <span class='ocrx_word' id='word_1_226' title='bbox 1488 1835 1539 1891; x_wconf 90' lang='lat' dir='ltr'><strong>illa</strong></span> <span class='ocrx_word' id='word_1_227' title='bbox 1566 1831 1705 1890; x_wconf 87' lang='lat' dir='ltr'><strong>societate</strong></span> <span class='ocrx_word' id='word_1_228' title='bbox 1719 1844 1804 1884; x_wconf 87' lang='lat' dir='ltr'><strong>saera</strong></span> 
     </span>
     <span class='ocr_line' id='line_1_19' title="bbox 111 1917 1802 2006; baseline -0.009 -19"><span class='ocrx_word' id='word_1_229' title='bbox 111 1932 154 2004; x_wconf 90' lang='lat' dir='ltr'><strong>qui</strong></span> <span class='ocrx_word' id='word_1_230' title='bbox 167 1932 312 2006; x_wconf 89' lang='lat' dir='ltr'><strong>seriptum</strong></span> <span class='ocrx_word' id='word_1_231' title='bbox 328 1931 406 1988; x_wconf 92' lang='lat' dir='ltr'><strong>bunc</strong></span> <span class='ocrx_word' id='word_1_232' title='bbox 422 1931 555 1988; x_wconf 90' lang='lat' dir='ltr'><strong>libellum</strong></span> <span class='ocrx_word' id='word_1_233' title='bbox 579 1936 646 1989; x_wconf 88' lang='lat' dir='ltr'><strong>ante</strong></span> <span class='ocrx_word' id='word_1_234' title='bbox 660 1933 832 1990; x_wconf 83' lang='lat' dir='ltr'><strong>Tertulliani</strong></span> <span class='ocrx_word' id='word_1_235' title='bbox 848 1933 927 1989; x_wconf 89' lang='lat' dir='ltr'><strong>dele·</strong></span> <span class='ocrx_word' id='word_1_236' title='bbox 982 1933 1083 2002; x_wconf 89' lang='lat' dir='ltr'><strong>luisse,</strong></span> <span class='ocrx_word' id='word_1_237' title='bbox 1100 1950 1163 2006; x_wconf 78' lang='lat' dir='ltr'><strong>qum</strong></span> <span class='ocrx_word' id='word_1_238' title='bbox 1180 1931 1296 1988; x_wconf 92' lang='lat' dir='ltr'><strong>nullum</strong></span> <span class='ocrx_word' id='word_1_239' title='bbox 1312 1929 1390 1986; x_wconf 89' lang='lat' dir='ltr'><strong>diem</strong></span> <span class='ocrx_word' id='word_1_240' title='bbox 1406 1925 1524 2000; x_wconf 90' lang='lat' dir='ltr'><strong>publica</strong></span> <span class='ocrx_word' id='word_1_241' title='bbox 1536 1917 1802 1980; x_wconf 87' lang='lat' dir='ltr'><strong>etoommuuiabs-</strong></span> 
     </span>
     <span class='ocr_line' id='line_1_20' title="bbox 111 2007 1804 2096; baseline -0.009 -21"><span class='ocrx_word' id='word_1_242' title='bbox 111 2021 225 2077; x_wconf 86' lang='lat' dir='ltr'><strong>ctionem</strong></span> <span class='ocrx_word' id='word_1_243' title='bbox 242 2038 303 2078; x_wconf 89' lang='lat' dir='ltr'><strong>non</strong></span> <span class='ocrx_word' id='word_1_244' title='bbox 313 2021 592 2095; x_wconf 81' lang='lat' dir='ltr'><strong>obscuresiguillcat</strong></span> <span class='ocrx_word' id='word_1_245' title='bbox 603 2039 610 2088; x_wconf 87' lang='lat'>;</span> <span class='ocrx_word' id='word_1_246' title='bbox 621 2025 720 2078; x_wconf 90' lang='lat' dir='ltr'><strong>temen</strong></span> <span class='ocrx_word' id='word_1_247' title='bbox 732 2023 761 2078; x_wconf 91' lang='lat' dir='ltr'><strong>in</strong></span> <span class='ocrx_word' id='word_1_248' title='bbox 777 2021 851 2078; x_wconf 87' lang='lat' dir='ltr'><strong>libro</strong></span> <span class='ocrx_word' id='word_1_249' title='bbox 862 2023 927 2096; x_wconf 88' lang='lat' dir='ltr'><strong>ipso</strong></span> <span class='ocrx_word' id='word_1_250' title='bbox 981 2025 1107 2082; x_wconf 86' lang='lat' dir='ltr'><strong>tinentia</strong></span> <span class='ocrx_word' id='word_1_251' title='bbox 1122 2041 1139 2080; x_wconf 88' lang='lat' dir='ltr'><strong>a</strong></span> <span class='ocrx_word' id='word_1_252' title='bbox 1154 2023 1219 2078; x_wconf 91' lang='lat' dir='ltr'><strong>cibo</strong></span> <span class='ocrx_word' id='word_1_253' title='bbox 1234 2021 1361 2079; x_wconf 86' lang='lat' dir='ltr'><strong>celebrat</strong></span> <span class='ocrx_word' id='word_1_254' title='bbox 1375 2021 1479 2092; x_wconf 80' lang='lat' dir='ltr'><strong>prater</strong></span> <span class='ocrx_word' id='word_1_255' title='bbox 1503 2029 1581 2082; x_wconf 87' lang='lat' dir='ltr'><strong>eum,</strong></span> <span class='ocrx_word' id='word_1_256' title='bbox 1597 2027 1656 2083; x_wconf 90' lang='lat' dir='ltr'><strong>quo</strong></span> <span class='ocrx_word' id='word_1_257' title='bbox 1671 2007 1804 2064; x_wconf 80' lang='lat' dir='ltr'><strong>Christus</strong></span> 
     </span>
     <span class='ocr_line' id='line_1_21' title="bbox 110 2097 1805 2182; baseline -0.008 -16"><span class='ocrx_word' id='word_1_258' title='bbox 110 2115 227 2168; x_wconf 89' lang='lat' dir='ltr'><strong>totsunt</strong></span> <span class='ocrx_word' id='word_1_259' title='bbox 253 2115 329 2167; x_wconf 78' lang='lat' dir='ltr'><strong>notes</strong></span> <span class='ocrx_word' id='word_1_260' title='bbox 358 2111 570 2168; x_wconf 86' lang='lat' dir='ltr'><strong>sententiarum</strong></span> <span class='ocrx_word' id='word_1_261' title='bbox 600 2111 782 2168; x_wconf 85' lang='lat' dir='ltr'><strong>diversarum</strong></span> <span class='ocrx_word' id='word_1_262' title='bbox 812 2113 849 2168; x_wconf 92' lang='lat' dir='ltr'><strong>ab</strong></span> <span class='ocrx_word' id='word_1_263' title='bbox 878 2111 925 2182; x_wconf 86' lang='lat' dir='ltr'><strong>iis,</strong></span> <span class='ocrx_word' id='word_1_264' title='bbox 982 2115 1213 2181; x_wconf 86' lang='lat' dir='ltr'><strong>mortuuserat;</strong></span> <span class='ocrx_word' id='word_1_265' title='bbox 1231 2127 1298 2167; x_wconf 82' lang='lat' dir='ltr'><strong>num</strong></span> <span class='ocrx_word' id='word_1_266' title='bbox 1324 2107 1385 2166; x_wconf 83' lang='lat' dir='ltr'><strong>Dies</strong></span> <span class='ocrx_word' id='word_1_267' title='bbox 1415 2105 1527 2162; x_wconf 73' lang='lat' dir='ltr'><strong>Puscltae</strong></span> <span class='ocrx_word' id='word_1_268' title='bbox 1554 2107 1598 2158; x_wconf 91' lang='lat' dir='ltr'><strong>est</strong></span> <span class='ocrx_word' id='word_1_269' title='bbox 1626 2100 1653 2155; x_wconf 90' lang='lat' dir='ltr'><strong>is</strong></span> <span class='ocrx_word' id='word_1_270' title='bbox 1677 2097 1805 2170; x_wconf 89' lang='lat' dir='ltr'><strong>quierat</strong></span> 
     </span>
     <span class='ocr_line' id='line_1_22' title="bbox 110 2185 1804 2276; baseline -0.011 -19"><span class='ocrx_word' id='word_1_271' title='bbox 110 2217 176 2272; x_wconf 86' lang='lat' dir='ltr'><strong>quas</strong></span> <span class='ocrx_word' id='word_1_272' title='bbox 189 2207 295 2276; x_wconf 86' lang='lat' dir='ltr'><strong>postea</strong></span> <span class='ocrx_word' id='word_1_273' title='bbox 308 2202 340 2258; x_wconf 92' lang='lat' dir='ltr'><strong>in</strong></span> <span class='ocrx_word' id='word_1_274' title='bbox 362 2201 491 2276; x_wconf 89' lang='lat' dir='ltr'><strong>scriptis,</strong></span> <span class='ocrx_word' id='word_1_275' title='bbox 507 2203 656 2261; x_wconf 83' lang='lat' dir='ltr'><strong>erroribus</strong></span> <span class='ocrx_word' id='word_1_276' title='bbox 681 2202 925 2262; x_wconf 85' lang='lat' dir='ltr'><strong>llouteuistarum</strong></span> <span class='ocrx_word' id='word_1_277' title='bbox 982 2202 1129 2260; x_wconf 85' lang='lat' dir='ltr'><strong>memoria</strong></span> <span class='ocrx_word' id='word_1_278' title='bbox 1144 2200 1215 2258; x_wconf 80' lang='lat' dir='ltr'><strong>lesu</strong></span> <span class='ocrx_word' id='word_1_279' title='bbox 1235 2196 1400 2270; x_wconf 88' lang='lat' dir='ltr'><strong>interempti</strong></span> <span class='ocrx_word' id='word_1_280' title='bbox 1418 2195 1606 2252; x_wconf 86' lang='lat' dir='ltr'><strong>consecratus</strong></span> <span class='ocrx_word' id='word_1_281' title='bbox 1621 2187 1687 2261; x_wconf 88' lang='lat' dir='ltr'><strong>(3l).</strong></span> <span class='ocrx_word' id='word_1_282' title='bbox 1704 2185 1804 2241; x_wconf 84' lang='lat' dir='ltr'><strong>lslnim·</strong></span> 
     </span>
     <span class='ocr_line' id='line_1_23' title="bbox 109 2281 1803 2359; baseline -0.009 -15"><span class='ocrx_word' id='word_1_283' title='bbox 109 2291 225 2359; x_wconf 86' lang='lat' dir='ltr'><strong>iniectis,</strong></span> <span class='ocrx_word' id='word_1_284' title='bbox 241 2290 386 2358; x_wconf 78' lang='lat' dir='ltr'><strong>defendit,</strong></span> <span class='ocrx_word' id='word_1_285' title='bbox 403 2295 435 2346; x_wconf 91' lang='lat' dir='ltr'><strong>ut</strong></span> <span class='ocrx_word' id='word_1_286' title='bbox 454 2291 522 2346; x_wconf 89' lang='lat' dir='ltr'><strong>libri</strong></span> <span class='ocrx_word' id='word_1_287' title='bbox 549 2292 637 2350; x_wconf 84' lang='lat' dir='ltr'><strong>iatius</strong></span> <span class='ocrx_word' id='word_1_288' title='bbox 666 2293 799 2350; x_wconf 86' lang='lat' dir='ltr'><strong>doetrina</strong></span> <span class='ocrx_word' id='word_1_289' title='bbox 814 2293 926 2350; x_wconf 91' lang='lat' dir='ltr'><strong>nemini</strong></span> <span class='ocrx_word' id='word_1_290' title='bbox 980 2309 1047 2350; x_wconf 83' lang='lat' dir='ltr'><strong>vero</strong></span> <span class='ocrx_word' id='word_1_291' title='bbox 1073 2289 1231 2349; x_wconf 77' lang='lat' dir='ltr'><strong>Christiani</strong></span> <span class='ocrx_word' id='word_1_292' title='bbox 1258 2293 1369 2345; x_wconf 86' lang='lat' dir='ltr'><strong>veteres</strong></span> <span class='ocrx_word' id='word_1_293' title='bbox 1396 2281 1570 2341; x_wconf 89' lang='lat' dir='ltr'><strong>Tertulliani</strong></span> <span class='ocrx_word' id='word_1_294' title='bbox 1594 2283 1726 2349; x_wconf 88' lang='lat' dir='ltr'><strong>tempore</strong></span> <span class='ocrx_word' id='word_1_295' title='bbox 1744 2291 1803 2329; x_wconf 91' lang='lat' dir='ltr'><strong>non</strong></span> 
     </span>
     <span class='ocr_line' id='line_1_24' title="bbox 109 2363 1804 2455; baseline -0.011 -19"><span class='ocrx_word' id='word_1_296' title='bbox 109 2380 187 2436; x_wconf 89' lang='lat' dir='ltr'><strong>sitad</strong></span> <span class='ocrx_word' id='word_1_297' title='bbox 202 2379 411 2454; x_wconf 89' lang='lat' dir='ltr'><strong>reperiendum</strong></span> <span class='ocrx_word' id='word_1_298' title='bbox 426 2379 566 2448; x_wconf 86' lang='lat' dir='ltr'><strong>dililcilis,</strong></span> <span class='ocrx_word' id='word_1_299' title='bbox 582 2382 631 2453; x_wconf 94' lang='lat' dir='ltr'><strong>qui</strong></span> <span class='ocrx_word' id='word_1_300' title='bbox 659 2399 829 2455; x_wconf 88' lang='lat' dir='ltr'><strong>comparare</strong></span> <span class='ocrx_word' id='word_1_301' title='bbox 844 2387 925 2439; x_wconf 92' lang='lat' dir='ltr'><strong>utro·</strong></span> <span class='ocrx_word' id='word_1_302' title='bbox 981 2382 1038 2439; x_wconf 87' lang='lat' dir='ltr'><strong>nisi</strong></span> <span class='ocrx_word' id='word_1_303' title='bbox 1065 2381 1144 2440; x_wconf 91' lang='lat' dir='ltr'><strong>bunc</strong></span> <span class='ocrx_word' id='word_1_304' title='bbox 1163 2379 1239 2436; x_wconf 91' lang='lat' dir='ltr'><strong>diem</strong></span> <span class='ocrx_word' id='word_1_305' title='bbox 1268 2374 1464 2435; x_wconf 88' lang='lat' dir='ltr'><strong>communiter</strong></span> <span class='ocrx_word' id='word_1_306' title='bbox 1492 2370 1590 2428; x_wconf 88' lang='lat' dir='ltr'><strong>inedia</strong></span> <span class='ocrx_word' id='word_1_307' title='bbox 1617 2363 1804 2424; x_wconf 85' lang='lat' dir='ltr'><strong>celebrabant</strong></span> 
     </span>
     <span class='ocr_line' id='line_1_25' title="bbox 109 2452 1805 2546; baseline -0.009 -22"><span class='ocrx_word' id='word_1_308' title='bbox 109 2485 224 2542; x_wconf 89' lang='lat' dir='ltr'><strong>rumque</strong></span> <span class='ocrx_word' id='word_1_309' title='bbox 254 2470 420 2527; x_wconf 67' lang='lat' dir='ltr'><strong>mamutius</strong></span> <span class='ocrx_word' id='word_1_310' title='bbox 447 2470 528 2526; x_wconf 84' lang='lat' dir='ltr'><strong>velit.</strong></span> <span class='ocrx_word' id='word_1_311' title='bbox 553 2471 627 2527; x_wconf 86' lang='lat' dir='ltr'><strong>Nam</strong></span> <span class='ocrx_word' id='word_1_312' title='bbox 656 2472 785 2544; x_wconf 92' lang='lat' dir='ltr'><strong>primum</strong></span> <span class='ocrx_word' id='word_1_313' title='bbox 812 2476 926 2546; x_wconf 81' lang='lat' dir='ltr'><strong>quanta</strong></span> <span class='ocrx_word' id='word_1_314' title='bbox 982 2475 1144 2545; x_wconf 88' lang='lat' dir='ltr'><strong>propterea,</strong></span> <span class='ocrx_word' id='word_1_315' title='bbox 1162 2469 1240 2542; x_wconf 90' lang='lat' dir='ltr'><strong>quod</strong></span> <span class='ocrx_word' id='word_1_316' title='bbox 1255 2472 1318 2524; x_wconf 93' lang='lat' dir='ltr'><strong>tum</strong></span> <span class='ocrx_word' id='word_1_317' title='bbox 1334 2465 1454 2522; x_wconf 87' lang='lat' dir='ltr'><strong>aiebant</strong></span> <span class='ocrx_word' id='word_1_318' title='bbox 1465 2473 1608 2534; x_wconf 85' lang='lat' dir='ltr'><strong>sponsum</strong></span> <span class='ocrx_word' id='word_1_319' title='bbox 1625 2452 1805 2512; x_wconf 87' lang='lat' dir='ltr'><strong>luisseebla·</strong></span> 
     </span>
     <span class='ocr_line' id='line_1_26' title="bbox 108 2543 1804 2634; baseline -0.002 -22"><span class='ocrx_word' id='word_1_320' title='bbox 108 2557 427 2629; x_wconf 81' lang='lat' dir='ltr'><strong>biol30)suutleudes</strong></span> <span class='ocrx_word' id='word_1_321' title='bbox 455 2558 553 2631; x_wconf 89' lang='lat' dir='ltr'><strong>operis</strong></span> <span class='ocrx_word' id='word_1_322' title='bbox 580 2559 703 2631; x_wconf 85' lang='lat' dir='ltr'><strong>Herma,</strong></span> <span class='ocrx_word' id='word_1_323' title='bbox 733 2562 811 2634; x_wconf 91' lang='lat' dir='ltr'><strong>quod</strong></span> <span class='ocrx_word' id='word_1_324' title='bbox 830 2563 928 2618; x_wconf 82' lang='lat' dir='ltr'><strong>Pastor</strong></span> <span class='ocrx_word' id='word_1_325' title='bbox 982 2565 1064 2629; x_wconf 92' lang='lat' dir='ltr'><strong>tum;</strong></span> <span class='ocrx_word' id='word_1_326' title='bbox 1081 2565 1110 2619; x_wconf 91' lang='lat' dir='ltr'><strong>et</strong></span> <span class='ocrx_word' id='word_1_327' title='bbox 1123 2563 1222 2615; x_wconf 89' lang='lat' dir='ltr'><strong>temen</strong></span> <span class='ocrx_word' id='word_1_328' title='bbox 1236 2554 1433 2614; x_wconf 87' lang='lat' dir='ltr'><strong>Tertullianus</strong></span> <span class='ocrx_word' id='word_1_329' title='bbox 1457 2552 1486 2607; x_wconf 91' lang='lat' dir='ltr'><strong>in</strong></span> <span class='ocrx_word' id='word_1_330' title='bbox 1510 2549 1585 2606; x_wconf 91' lang='lat' dir='ltr'><strong>libro</strong></span> <span class='ocrx_word' id='word_1_331' title='bbox 1614 2547 1649 2602; x_wconf 83' lang='lat' dir='ltr'><strong>de</strong></span> <span class='ocrx_word' id='word_1_332' title='bbox 1675 2543 1804 2614; x_wconf 63' lang='grc'><strong>1611111113,</strong></span> 
     </span>
     <span class='ocr_line' id='line_1_27' title="bbox 108 2634 1804 2722; baseline -0.009 -20"><span class='ocrx_word' id='word_1_333' title='bbox 108 2646 287 2717; x_wconf 85' lang='lat' dir='ltr'><strong>inscribitur,</strong></span> <span class='ocrx_word' id='word_1_334' title='bbox 302 2665 370 2704; x_wconf 92' lang='lat' dir='ltr'><strong>cum</strong></span> <span class='ocrx_word' id='word_1_335' title='bbox 386 2649 633 2706; x_wconf 86' lang='lat' dir='ltr'><strong>consuetudinem</strong></span> <span class='ocrx_word' id='word_1_336' title='bbox 658 2649 831 2707; x_wconf 88' lang='lat' dir='ltr'><strong>considendi</strong></span> <span class='ocrx_word' id='word_1_337' title='bbox 845 2651 930 2708; x_wconf 89' lang='lat' dir='ltr'><strong>linita</strong></span> <span class='ocrx_word' id='word_1_338' title='bbox 982 2665 1008 2706; x_wconf 91' lang='lat' dir='ltr'><strong>c.</strong></span> <span class='ocrx_word' id='word_1_339' title='bbox 1023 2647 1105 2722; x_wconf 87' lang='lat' dir='ltr'><strong>2,qui</strong></span> <span class='ocrx_word' id='word_1_340' title='bbox 1120 2652 1165 2706; x_wconf 91' lang='lat' dir='ltr'><strong>est</strong></span> <span class='ocrx_word' id='word_1_341' title='bbox 1179 2647 1256 2704; x_wconf 89' lang='lat' dir='ltr'><strong>baud</strong></span> <span class='ocrx_word' id='word_1_342' title='bbox 1270 2645 1357 2703; x_wconf 89' lang='lat' dir='ltr'><strong>dubio</strong></span> <span class='ocrx_word' id='word_1_343' title='bbox 1367 2661 1383 2702; x_wconf 89' lang='lat' dir='ltr'><strong>e</strong></span> <span class='ocrx_word' id='word_1_344' title='bbox 1393 2657 1516 2699; x_wconf 89' lang='lat' dir='ltr'><strong>numero</strong></span> <span class='ocrx_word' id='word_1_345' title='bbox 1529 2634 1804 2694; x_wconf 82' lang='lat' dir='ltr'><strong>Montanrsticorum</strong></span> 
     </span>
     <span class='ocr_line' id='line_1_28' title="bbox 110 2726 1807 2814; baseline -0.008 -22"><span class='ocrx_word' id='word_1_346' title='bbox 110 2736 234 2796; x_wconf 89' lang='lat' dir='ltr'><strong>oratioue</strong></span> <span class='ocrx_word' id='word_1_347' title='bbox 250 2737 484 2795; x_wconf 83' lang='lat' dir='ltr'><strong>obseruatamub</strong></span> <span class='ocrx_word' id='word_1_348' title='bbox 495 2737 601 2796; x_wconf 86' lang='lat' dir='ltr'><strong>Hermu</strong></span> <span class='ocrx_word' id='word_1_349' title='bbox 612 2755 670 2796; x_wconf 93' lang='lat' dir='ltr'><strong>nou</strong></span> <span class='ocrx_word' id='word_1_350' title='bbox 681 2755 781 2796; x_wconf 86' lang='lat' dir='ltr'><strong>secum</strong></span> <span class='ocrx_word' id='word_1_351' title='bbox 797 2756 929 2814; x_wconf 82' lang='lat' dir='ltr'><strong>pugnare</strong></span> <span class='ocrx_word' id='word_1_352' title='bbox 983 2755 1117 2808; x_wconf 87' lang='lat' dir='ltr'><strong>suorum,</strong></span> <span class='ocrx_word' id='word_1_353' title='bbox 1133 2738 1260 2796; x_wconf 89' lang='lat' dir='ltr'><strong>multum</strong></span> <span class='ocrx_word' id='word_1_354' title='bbox 1276 2738 1422 2810; x_wconf 85' lang='lat' dir='ltr'><strong>vituperat</strong></span> <span class='ocrx_word' id='word_1_355' title='bbox 1447 2733 1522 2790; x_wconf 90' lang='lat' dir='ltr'><strong>beno</strong></span> <span class='ocrx_word' id='word_1_356' title='bbox 1550 2726 1807 2787; x_wconf 87' lang='lat' dir='ltr'><strong>cousuetudinem,</strong></span> 
     </span>
     <span class='ocr_line' id='line_1_29' title="bbox 109 2813 1808 2902; baseline -0.01 -19"><span class='ocrx_word' id='word_1_357' title='bbox 109 2827 240 2893; x_wconf 81' lang='lat' dir='ltr'><strong>ostendit,</strong></span> <span class='ocrx_word' id='word_1_358' title='bbox 256 2826 337 2899; x_wconf 90' lang='lat' dir='ltr'><strong>quod</strong></span> <span class='ocrx_word' id='word_1_359' title='bbox 364 2829 424 2900; x_wconf 74' lang='lat' dir='ltr'><strong>[ere</strong></span> <span class='ocrx_word' id='word_1_360' title='bbox 452 2826 639 2901; x_wconf 75' lang='lat' dir='ltr'><strong>scripturam,</strong></span> <span class='ocrx_word' id='word_1_361' title='bbox 656 2845 690 2884; x_wconf 82' lang='lat' dir='ltr'><strong>se</strong></span> <span class='ocrx_word' id='word_1_362' title='bbox 705 2829 753 2902; x_wconf 81' lang='lat' dir='ltr'><strong>(ns</strong></span> <span class='ocrx_word' id='word_1_363' title='bbox 780 2829 852 2886; x_wconf 91' lang='lat' dir='ltr'><strong>illud</strong></span> <span class='ocrx_word' id='word_1_364' title='bbox 871 2832 931 2900; x_wconf 73' lang='lat' dir='ltr'><strong>sere</strong></span> <span class='ocrx_word' id='word_1_365' title='bbox 983 2845 1076 2887; x_wconf 91' lang='lat' dir='ltr'><strong>unum</strong></span> <span class='ocrx_word' id='word_1_366' title='bbox 1091 2828 1171 2885; x_wconf 89' lang='lat' dir='ltr'><strong>buno</strong></span> <span class='ocrx_word' id='word_1_367' title='bbox 1189 2827 1267 2884; x_wconf 87' lang='lat' dir='ltr'><strong>diem</strong></span> <span class='ocrx_word' id='word_1_368' title='bbox 1292 2823 1442 2882; x_wconf 89' lang='lat' dir='ltr'><strong>communi</strong></span> <span class='ocrx_word' id='word_1_369' title='bbox 1464 2819 1645 2894; x_wconf 84' lang='lat' dir='ltr'><strong>jejuniorum</strong></span> <span class='ocrx_word' id='word_1_370' title='bbox 1669 2813 1808 2886; x_wconf 81' lang='lat' dir='ltr'><strong>religione</strong></span> 
     </span>
     <span class='ocr_line' id='line_1_30' title="bbox 108 2902 1808 2992; baseline -0.01 -21"><span class='ocrx_word' id='word_1_371' title='bbox 108 2917 218 2974; x_wconf 86' lang='lat' dir='ltr'><strong>cuidam</strong></span> <span class='ocrx_word' id='word_1_372' title='bbox 233 2916 661 2976; x_wconf 79' lang='lat' dir='ltr'><strong>invidiamuostraesententim</strong></span> <span class='ocrx_word' id='word_1_373' title='bbox 677 2907 813 2990; x_wconf 73' lang='lat' dir='ltr'><strong>moueat),</strong></span> <span class='ocrx_word' id='word_1_374' title='bbox 830 2925 931 2992; x_wconf 87' lang='lat' dir='ltr'><strong>postea</strong></span> <span class='ocrx_word' id='word_1_375' title='bbox 984 2917 1170 2986; x_wconf 79' lang='lat' dir='ltr'><strong>celebrandi3</strong></span> <span class='ocrx_word' id='word_1_376' title='bbox 1187 2921 1290 2990; x_wconf 88' lang='lat' dir='ltr'><strong>estque</strong></span> <span class='ocrx_word' id='word_1_377' title='bbox 1306 2915 1378 2972; x_wconf 88' lang='lat' dir='ltr'><strong>satis</strong></span> <span class='ocrx_word' id='word_1_378' title='bbox 1393 2912 1505 2969; x_wconf 86' lang='lat' dir='ltr'><strong>elerum</strong></span> <span class='ocrx_word' id='word_1_379' title='bbox 1531 2902 1808 2975; x_wconf 85' lang='lat' dir='ltr'><strong>Montanistasplu-</strong></span> 
     </span>
     <span class='ocr_line' id='line_1_31' title="bbox 108 2992 1807 3084; baseline -0.009 -24"><span class='ocrx_word' id='word_1_380' title='bbox 108 3004 275 3078; x_wconf 79' lang='lat' dir='ltr'><strong>Scriptorum</strong></span> <span class='ocrx_word' id='word_1_381' title='bbox 291 3005 443 3078; x_wconf 79' lang='lat' dir='ltr'><strong>appellati</strong></span> <span class='ocrx_word' id='word_1_382' title='bbox 467 3008 546 3080; x_wconf 88' lang='lat' dir='ltr'><strong>quod</strong></span> <span class='ocrx_word' id='word_1_383' title='bbox 567 3008 686 3065; x_wconf 80' lang='lat' dir='ltr'><strong>tametsi</strong></span> <span class='ocrx_word' id='word_1_384' title='bbox 710 3025 769 3066; x_wconf 89' lang='lat' dir='ltr'><strong>non</strong></span> <span class='ocrx_word' id='word_1_385' title='bbox 790 3008 833 3066; x_wconf 89' lang='lat' dir='ltr'><strong>sio</strong></span> <span class='ocrx_word' id='word_1_386' title='bbox 848 3027 930 3084; x_wconf 89' lang='lat' dir='ltr'><strong>cepe·</strong></span> <span class='ocrx_word' id='word_1_387' title='bbox 984 3024 1031 3064; x_wconf 91' lang='lat' dir='ltr'><strong>res</strong></span> <span class='ocrx_word' id='word_1_388' title='bbox 1046 3006 1120 3064; x_wconf 91' lang='lat' dir='ltr'><strong>alios</strong></span> <span class='ocrx_word' id='word_1_389' title='bbox 1135 3007 1197 3064; x_wconf 88' lang='lat' dir='ltr'><strong>dies</strong></span> <span class='ocrx_word' id='word_1_390' title='bbox 1213 3010 1317 3080; x_wconf 80' lang='lat' dir='ltr'><strong>pretor</strong></span> <span class='ocrx_word' id='word_1_391' title='bbox 1340 3003 1417 3060; x_wconf 91' lang='lat' dir='ltr'><strong>diem</strong></span> <span class='ocrx_word' id='word_1_392' title='bbox 1433 2997 1538 3057; x_wconf 85' lang='lat' dir='ltr'><strong>Christi</strong></span> <span class='ocrx_word' id='word_1_393' title='bbox 1554 2992 1745 3054; x_wconf 84' lang='lat' dir='ltr'><strong>emortualem</strong></span> <span class='ocrx_word' id='word_1_394' title='bbox 1761 3007 1807 3046; x_wconf 87' lang='lat' dir='ltr'><strong>co·</strong></span> 
     </span>
     <span class='ocr_line' id='line_1_32' title="bbox 107 3084 1806 3172; baseline -0.009 -23"><span class='ocrx_word' id='word_1_395' title='bbox 107 3093 157 3150; x_wconf 91' lang='lat' dir='ltr'><strong>rim</strong></span> <span class='ocrx_word' id='word_1_396' title='bbox 173 3111 240 3152; x_wconf 90' lang='lat' dir='ltr'><strong>cum</strong></span> <span class='ocrx_word' id='word_1_397' title='bbox 256 3095 420 3151; x_wconf 88' lang='lat' dir='ltr'><strong>Muratorio</strong></span> <span class='ocrx_word' id='word_1_398' title='bbox 434 3095 495 3168; x_wconf 88' lang='lat' dir='ltr'><strong>(loe.</strong></span> <span class='ocrx_word' id='word_1_399' title='bbox 511 3098 559 3153; x_wconf 85' lang='lat' dir='ltr'><strong>eit.</strong></span> <span class='ocrx_word' id='word_1_400' title='bbox 570 3101 627 3154; x_wconf 94' lang='lat' dir='ltr'><strong>not.</strong></span> <span class='ocrx_word' id='word_1_401' title='bbox 647 3099 674 3167; x_wconf 92' lang='grc'><strong>3,</strong></span> <span class='ocrx_word' id='word_1_402' title='bbox 691 3114 719 3171; x_wconf 92' lang='lat' dir='ltr'><strong>p.</strong></span> <span class='ocrx_word' id='word_1_403' title='bbox 735 3097 780 3172; x_wconf 91' lang='grc'><strong>31)</strong></span> <span class='ocrx_word' id='word_1_404' title='bbox 796 3097 930 3170; x_wconf 87' lang='lat' dir='ltr'><strong>aliisque,</strong></span> <span class='ocrx_word' id='word_1_405' title='bbox 985 3096 1125 3153; x_wconf 88' lang='lat' dir='ltr'><strong>lebrasse.</strong></span> <span class='ocrx_word' id='word_1_406' title='bbox 1141 3094 1223 3152; x_wconf 86' lang='lat' dir='ltr'><strong>Unde</strong></span> <span class='ocrx_word' id='word_1_407' title='bbox 1246 3094 1362 3152; x_wconf 86' lang='lat' dir='ltr'><strong>elicitur</strong></span> <span class='ocrx_word' id='word_1_408' title='bbox 1388 3091 1481 3148; x_wconf 92' lang='lat' dir='ltr'><strong>illud:</strong></span> <span class='ocrx_word' id='word_1_409' title='bbox 1505 3084 1718 3144; x_wconf 84' lang='lat' dir='ltr'><strong>Tertullianum</strong></span> <span class='ocrx_word' id='word_1_410' title='bbox 1740 3097 1806 3136; x_wconf 84' lang='lat' dir='ltr'><strong>euru</strong></span> 
     </span>
     <span class='ocr_line' id='line_1_33' title="bbox 110 3169 1807 3255; baseline -0.01 -15"><span class='ocrx_word' id='word_1_411' title='bbox 110 3185 187 3255; x_wconf 89' lang='lat' dir='ltr'><strong>quasi</strong></span> <span class='ocrx_word' id='word_1_412' title='bbox 201 3184 407 3243; x_wconf 85' lang='lat' dir='ltr'><strong>Tertullianus</strong></span> <span class='ocrx_word' id='word_1_413' title='bbox 421 3185 537 3244; x_wconf 80' lang='lat' dir='ltr'><strong>Hermae</strong></span> <span class='ocrx_word' id='word_1_414' title='bbox 560 3186 651 3244; x_wconf 88' lang='lat' dir='ltr'><strong>libros</strong></span> <span class='ocrx_word' id='word_1_415' title='bbox 681 3188 787 3245; x_wconf 81' lang='lat' dir='ltr'><strong>referet</strong></span> <span class='ocrx_word' id='word_1_416' title='bbox 801 3189 831 3245; x_wconf 95' lang='lat' dir='ltr'><strong>in</strong></span> <span class='ocrx_word' id='word_1_417' title='bbox 847 3189 931 3246; x_wconf 90' lang='lat' dir='ltr'><strong>libris</strong></span> <span class='ocrx_word' id='word_1_418' title='bbox 984 3185 1064 3242; x_wconf 88' lang='lat' dir='ltr'><strong>bunc</strong></span> <span class='ocrx_word' id='word_1_419' title='bbox 1078 3185 1111 3242; x_wconf 87' lang='lat' dir='ltr'><strong>do</strong></span> <span class='ocrx_word' id='word_1_420' title='bbox 1125 3185 1258 3242; x_wconf 78' lang='lat' dir='ltr'><strong>Oratione</strong></span> <span class='ocrx_word' id='word_1_421' title='bbox 1270 3183 1378 3240; x_wconf 90' lang='lat' dir='ltr'><strong>librum</strong></span> <span class='ocrx_word' id='word_1_422' title='bbox 1403 3179 1601 3252; x_wconf 78' lang='lat' dir='ltr'><strong>cssmponeret‚</strong></span> <span class='ocrx_word' id='word_1_423' title='bbox 1629 3171 1759 3229; x_wconf 89' lang='lat' dir='ltr'><strong>nondum</strong></span> <span class='ocrx_word' id='word_1_424' title='bbox 1777 3169 1807 3223; x_wconf 90' lang='lat' dir='ltr'><strong>in</strong></span> 
     </span>
     <span class='ocr_line' id='line_1_34' title="bbox 108 3251 1810 3349; baseline 0.002 -21"><span class='ocrx_word' id='word_1_425' title='bbox 108 3273 138 3328; x_wconf 82' lang='lat' dir='ltr'><strong>rt.</strong></span> <span class='ocrx_word' id='word_1_426' title='bbox 152 3277 181 3328; x_wconf 89' lang='lat' dir='ltr'><strong>T.</strong></span> <span class='ocrx_word' id='word_1_427' title='bbox 199 3274 355 3332; x_wconf 88' lang='lat' dir='ltr'><strong>canonicis</strong></span> <span class='ocrx_word' id='word_1_428' title='bbox 368 3274 512 3349; x_wconf 87' lang='lat' dir='ltr'><strong>&lt;loquitur</strong></span> <span class='ocrx_word' id='word_1_429' title='bbox 525 3275 605 3332; x_wconf 91' lang='lat' dir='ltr'><strong>enim</strong></span> <span class='ocrx_word' id='word_1_430' title='bbox 622 3291 657 3333; x_wconf 84' lang='lat' dir='ltr'><strong>ex</strong></span> <span class='ocrx_word' id='word_1_431' title='bbox 672 3293 752 3334; x_wconf 90' lang='lat' dir='ltr'><strong>more</strong></span> <span class='ocrx_word' id='word_1_432' title='bbox 768 3277 861 3349; x_wconf 81' lang='lat' dir='ltr'><strong>magis</strong></span> <span class='ocrx_word' id='word_1_433' title='bbox 876 3279 929 3334; x_wconf 89' lang='lat' dir='ltr'><strong>ad·</strong></span> <span class='ocrx_word' id='word_1_434' title='bbox 945 3251 967 3321; x_wconf 69' lang='lat' dir='ltr'><strong>c</strong></span> <span class='ocrx_word' id='word_1_435' title='bbox 985 3278 1083 3346; x_wconf 83' lang='lat' dir='ltr'><strong>partos</strong></span> <span class='ocrx_word' id='word_1_436' title='bbox 1098 3273 1343 3331; x_wconf 82' lang='lat' dir='ltr'><strong>Moutunisterum</strong></span> <span class='ocrx_word' id='word_1_437' title='bbox 1369 3266 1534 3327; x_wconf 61' lang='lat' dir='ltr'><strong>sevenisse·</strong></span> <span class='ocrx_word' id='word_1_438' title='bbox 1550 3263 1632 3332; x_wconf 75' lang='lat' dir='ltr'><strong>Qu⁰d</strong></span> <span class='ocrx_word' id='word_1_439' title='bbox 1661 3275 1734 3316; x_wconf 73' lang='lat' dir='ltr'>¹¹⁰V0</span> <span class='ocrx_word' id='word_1_440' title='bbox 1757 3275 1810 3331; x_wconf 88' lang='lat' dir='ltr'><strong>P0·</strong></span> 
     </span>
     <span class='ocr_line' id='line_1_35' title="bbox 107 3347 1809 3438; baseline -0.009 -22"><span class='ocrx_word' id='word_1_441' title='bbox 107 3364 299 3421; x_wconf 67' lang='lat' dir='ltr'><strong>cereniorem</strong></span> <span class='ocrx_word' id='word_1_442' title='bbox 328 3381 418 3438; x_wconf 89' lang='lat' dir='ltr'><strong>quam</strong></span> <span class='ocrx_word' id='word_1_443' title='bbox 447 3365 534 3438; x_wconf 88' lang='lat' dir='ltr'><strong>suo);</strong></span> <span class='ocrx_word' id='word_1_444' title='bbox 557 3373 656 3422; x_wconf 83' lang='lat' dir='ltr'><strong>tumen</strong></span> <span class='ocrx_word' id='word_1_445' title='bbox 684 3382 742 3423; x_wconf 92' lang='lat' dir='ltr'><strong>non</strong></span> <span class='ocrx_word' id='word_1_446' title='bbox 771 3368 933 3424; x_wconf 84' lang='lat' dir='ltr'><strong>contemnit</strong></span> <span class='ocrx_word' id='word_1_447' title='bbox 986 3347 1809 3437; x_wconf 84' lang='lat' dir='ltr'><strong>testargumentoduotoerutroquelibellooonlirmeri,</strong></span> 
     </span>
     <span class='ocr_line' id='line_1_36' title="bbox 106 3442 1809 3530; baseline -0.01 -22"><span class='ocrx_word' id='word_1_448' title='bbox 106 3449 210 3509; x_wconf 82' lang='lat' dir='ltr'><strong>Herma</strong></span> <span class='ocrx_word' id='word_1_449' title='bbox 238 3453 458 3522; x_wconf 85' lang='lat' dir='ltr'><strong>auctoritatem,</strong></span> <span class='ocrx_word' id='word_1_450' title='bbox 475 3455 526 3511; x_wconf 86' lang='lat' dir='ltr'><strong>esd</strong></span> <span class='ocrx_word' id='word_1_451' title='bbox 543 3455 600 3510; x_wconf 89' lang='lat' dir='ltr'><strong>sibi</strong></span> <span class='ocrx_word' id='word_1_452' title='bbox 622 3455 769 3524; x_wconf 87' lang='lat' dir='ltr'><strong>conciliat,</strong></span> <span class='ocrx_word' id='word_1_453' title='bbox 786 3455 872 3530; x_wconf 78' lang='lat' dir='ltr'><strong>louge</strong></span> <span class='ocrx_word' id='word_1_454' title='bbox 886 3472 932 3514; x_wconf 89' lang='lat' dir='ltr'><strong>se·</strong></span> <span class='ocrx_word' id='word_1_455' title='bbox 985 3469 1110 3524; x_wconf 89' lang='lat' dir='ltr'><strong>quorum</strong></span> <span class='ocrx_word' id='word_1_456' title='bbox 1127 3452 1234 3525; x_wconf 88' lang='lat' dir='ltr'><strong>siquis</strong></span> <span class='ocrx_word' id='word_1_457' title='bbox 1250 3451 1313 3508; x_wconf 90' lang='lat' dir='ltr'><strong>looa</strong></span> <span class='ocrx_word' id='word_1_458' title='bbox 1337 3449 1394 3507; x_wconf 92' lang='lat' dir='ltr'><strong>alio</strong></span> <span class='ocrx_word' id='word_1_459' title='bbox 1420 3450 1516 3522; x_wconf 88' lang='lat' dir='ltr'><strong>potest</strong></span> <span class='ocrx_word' id='word_1_460' title='bbox 1541 3443 1628 3500; x_wconf 85' lang='lat' dir='ltr'><strong>moda</strong></span> <span class='ocrx_word' id='word_1_461' title='bbox 1643 3442 1673 3497; x_wconf 92' lang='lat' dir='ltr'><strong>in</strong></span> <span class='ocrx_word' id='word_1_462' title='bbox 1690 3453 1809 3496; x_wconf 88' lang='lat' dir='ltr'><strong>concor·</strong></span> 
     </span>
     <span class='ocr_line' id='line_1_37' title="bbox 107 3530 1810 3618; baseline -0.008 -24"><span class='ocrx_word' id='word_1_463' title='bbox 107 3540 303 3614; x_wconf 85' lang='lat' dir='ltr'><strong>cnsatquein</strong></span> <span class='ocrx_word' id='word_1_464' title='bbox 321 3540 396 3598; x_wconf 88' lang='lat' dir='ltr'><strong>libro</strong></span> <span class='ocrx_word' id='word_1_465' title='bbox 422 3541 456 3597; x_wconf 84' lang='lat' dir='ltr'><strong>de</strong></span> <span class='ocrx_word' id='word_1_466' title='bbox 470 3542 620 3612; x_wconf 82' lang='lat' dir='ltr'><strong>Pudicitia,</strong></span> <span class='ocrx_word' id='word_1_467' title='bbox 638 3559 663 3600; x_wconf 90' lang='lat' dir='ltr'><strong>o.</strong></span> <span class='ocrx_word' id='word_1_468' title='bbox 681 3544 714 3598; x_wconf 87' lang='lat'><strong>10</strong></span> <span class='ocrx_word' id='word_1_469' title='bbox 727 3548 757 3602; x_wconf 92' lang='lat' dir='ltr'><strong>et</strong></span> <span class='ocrx_word' id='word_1_470' title='bbox 770 3545 816 3615; x_wconf 87' lang='lat'><strong>20,</strong></span> <span class='ocrx_word' id='word_1_471' title='bbox 827 3544 857 3600; x_wconf 94' lang='lat' dir='ltr'><strong>in</strong></span> <span class='ocrx_word' id='word_1_472' title='bbox 874 3562 932 3618; x_wconf 92' lang='lat' dir='ltr'><strong>quo</strong></span> <span class='ocrx_word' id='word_1_473' title='bbox 987 3541 1065 3598; x_wconf 87' lang='lat' dir='ltr'><strong>diam</strong></span> <span class='ocrx_word' id='word_1_474' title='bbox 1082 3541 1221 3613; x_wconf 79' lang='lat' dir='ltr'><strong>redigere,</strong></span> <span class='ocrx_word' id='word_1_475' title='bbox 1246 3538 1336 3614; x_wconf 83' lang='lat' dir='ltr'><strong>quum</strong></span> <span class='ocrx_word' id='word_1_476' title='bbox 1365 3555 1409 3606; x_wconf 90' lang='lat' dir='ltr'><strong>eo,</strong></span> <span class='ocrx_word' id='word_1_477' title='bbox 1435 3553 1492 3609; x_wconf 91' lang='lat' dir='ltr'><strong>qua</strong></span> <span class='ocrx_word' id='word_1_478' title='bbox 1521 3533 1661 3600; x_wconf 86' lang='lat' dir='ltr'><strong>diximus,</strong></span> <span class='ocrx_word' id='word_1_479' title='bbox 1684 3530 1810 3585; x_wconf 82' lang='lat' dir='ltr'><strong>ductos</strong></span> 
     </span>
     <span class='ocr_line' id='line_1_38' title="bbox 108 3618 1810 3706; baseline -0.008 -21"><span class='ocrx_word' id='word_1_480' title='bbox 108 3646 158 3686; x_wconf 93' lang='lat' dir='ltr'><strong>non</strong></span> <span class='ocrx_word' id='word_1_481' title='bbox 174 3632 265 3688; x_wconf 89' lang='lat' dir='ltr'><strong>modo</strong></span> <span class='ocrx_word' id='word_1_482' title='bbox 281 3631 394 3688; x_wconf 83' lang='lat' dir='ltr'><strong>Horma</strong></span> <span class='ocrx_word' id='word_1_483' title='bbox 410 3631 497 3688; x_wconf 83' lang='lat' dir='ltr'><strong>allata</strong></span> <span class='ocrx_word' id='word_1_484' title='bbox 512 3631 658 3705; x_wconf 88' lang='lat' dir='ltr'><strong>repudiat,</strong></span> <span class='ocrx_word' id='word_1_485' title='bbox 675 3633 725 3690; x_wconf 90' lang='lat' dir='ltr'><strong>sed</strong></span> <span class='ocrx_word' id='word_1_486' title='bbox 742 3634 877 3706; x_wconf 87' lang='lat' dir='ltr'><strong>spurium</strong></span> <span class='ocrx_word' id='word_1_487' title='bbox 893 3634 931 3690; x_wconf 92' lang='lat' dir='ltr'><strong>il·</strong></span> <span class='ocrx_word' id='word_1_488' title='bbox 987 3631 1101 3688; x_wconf 88' lang='lat' dir='ltr'><strong>diverse</strong></span> <span class='ocrx_word' id='word_1_489' title='bbox 1120 3629 1292 3687; x_wconf 89' lang='lat' dir='ltr'><strong>Tertulliani</strong></span> <span class='ocrx_word' id='word_1_490' title='bbox 1317 3627 1475 3700; x_wconf 84' lang='lat' dir='ltr'><strong>disciplina</strong></span> <span class='ocrx_word' id='word_1_491' title='bbox 1497 3629 1630 3696; x_wconf 89' lang='lat' dir='ltr'><strong>tempore</strong></span> <span class='ocrx_word' id='word_1_492' title='bbox 1654 3618 1810 3690; x_wconf 84' lang='lat' dir='ltr'><strong>utriusque</strong></span> 
     </span>
     <span class='ocr_line' id='line_1_39' title="bbox 107 3707 1808 3796; baseline -0.006 -24"><span class='ocrx_word' id='word_1_493' title='bbox 107 3717 308 3777; x_wconf 90' lang='lat' dir='ltr'><strong>indemnibus</strong></span> <span class='ocrx_word' id='word_1_494' title='bbox 324 3721 577 3778; x_wconf 85' lang='lat' dir='ltr'><strong>consentientibus</strong></span> <span class='ocrx_word' id='word_1_495' title='bbox 602 3722 744 3794; x_wconf 87' lang='lat' dir='ltr'><strong>scriptum</strong></span> <span class='ocrx_word' id='word_1_496' title='bbox 761 3721 890 3796; x_wconf 85' lang='lat' dir='ltr'><strong>appellat</strong></span> <span class='ocrx_word' id='word_1_497' title='bbox 903 3727 933 3780; x_wconf 90' lang='lat' dir='ltr'><strong>et</strong></span> <span class='ocrx_word' id='word_1_498' title='bbox 986 3720 1144 3794; x_wconf 80' lang='lat' dir='ltr'><strong>conscripti</strong></span> <span class='ocrx_word' id='word_1_499' title='bbox 1159 3719 1261 3789; x_wconf 90' lang='lat' dir='ltr'><strong>libelli,</strong></span> <span class='ocrx_word' id='word_1_500' title='bbox 1278 3735 1345 3775; x_wconf 86' lang='lat' dir='ltr'><strong>eum</strong></span> <span class='ocrx_word' id='word_1_501' title='bbox 1371 3718 1538 3775; x_wconf 88' lang='lat' dir='ltr'><strong>audiemus.</strong></span> <span class='ocrx_word' id='word_1_502' title='bbox 1555 3714 1627 3771; x_wconf 87' lang='lat' dir='ltr'><strong>Nam</strong></span> <span class='ocrx_word' id='word_1_503' title='bbox 1644 3724 1712 3766; x_wconf 90' lang='lat' dir='ltr'><strong>cum</strong></span> <span class='ocrx_word' id='word_1_504' title='bbox 1727 3707 1757 3763; x_wconf 93' lang='lat' dir='ltr'><strong>in</strong></span> <span class='ocrx_word' id='word_1_505' title='bbox 1775 3723 1808 3762; x_wconf 88' lang='lat' dir='ltr'><strong>eo</strong></span> 
     </span>
     <span class='ocr_line' id='line_1_40' title="bbox 110 3799 1809 3885; baseline -0.008 -21"><span class='ocrx_word' id='word_1_506' title='bbox 110 3807 184 3866; x_wconf 89' lang='lat' dir='ltr'><strong>illum</strong></span> <span class='ocrx_word' id='word_1_507' title='bbox 201 3809 375 3866; x_wconf 74' lang='lat' dir='ltr'><strong>meatorum</strong></span> <span class='ocrx_word' id='word_1_508' title='bbox 390 3811 538 3867; x_wconf 78' lang='lat' dir='ltr'><strong>Pastorem.</strong></span> <span class='ocrx_word' id='word_1_509' title='bbox 561 3810 643 3876; x_wconf 83' lang='lat' dir='ltr'><strong>Quod</strong></span> <span class='ocrx_word' id='word_1_510' title='bbox 669 3811 760 3868; x_wconf 90' lang='lat' dir='ltr'><strong>miror</strong></span> <span class='ocrx_word' id='word_1_511' title='bbox 774 3827 931 3885; x_wconf 81' lang='lat' dir='ltr'><strong>argumen—</strong></span> <span class='ocrx_word' id='word_1_512' title='bbox 986 3810 1020 3867; x_wconf 92' lang='lat' dir='ltr'><strong>de</strong></span> <span class='ocrx_word' id='word_1_513' title='bbox 1032 3812 1166 3870; x_wconf 83' lang='lat' dir='ltr'><strong>oratioue</strong></span> <span class='ocrx_word' id='word_1_514' title='bbox 1189 3825 1213 3866; x_wconf 90' lang='lat' dir='ltr'><strong>o.</strong></span> <span class='ocrx_word' id='word_1_515' title='bbox 1237 3809 1283 3876; x_wconf 83' lang='lat'><strong>25,</strong></span> <span class='ocrx_word' id='word_1_516' title='bbox 1299 3806 1500 3865; x_wconf 78' lang='lat' dir='ltr'><strong>descendisset</strong></span> <span class='ocrx_word' id='word_1_517' title='bbox 1522 3804 1559 3861; x_wconf 89' lang='lat' dir='ltr'><strong>ad</strong></span> <span class='ocrx_word' id='word_1_518' title='bbox 1579 3799 1809 3874; x_wconf 89' lang='lat' dir='ltr'><strong>disputationem</strong></span> 
     </span>
     <span class='ocr_line' id='line_1_41' title="bbox 109 3886 1811 3973; baseline -0.005 -20"><span class='ocrx_word' id='word_1_519' title='bbox 109 3899 164 3954; x_wconf 91' lang='lat' dir='ltr'><strong>tum</strong></span> <span class='ocrx_word' id='word_1_520' title='bbox 181 3899 368 3957; x_wconf 81' lang='lat' dir='ltr'><strong>miratumiu</strong></span> <span class='ocrx_word' id='word_1_521' title='bbox 384 3896 931 3958; x_wconf 79' lang='lat' dir='ltr'><strong>AllirioluisseHoffmannumexisti-</strong></span> <span class='ocrx_word' id='word_1_522' title='bbox 986 3900 1302 3973; x_wconf 88' lang='lat' dir='ltr'><strong>detemporeprecum</strong></span> <span class='ocrx_word' id='word_1_523' title='bbox 1329 3897 1388 3954; x_wconf 91' lang='lat' dir='ltr'><strong>Deo</strong></span> <span class='ocrx_word' id='word_1_524' title='bbox 1412 3894 1638 3960; x_wconf 79' lang='lat' dir='ltr'><strong>offerendarum,</strong></span> <span class='ocrx_word' id='word_1_525' title='bbox 1655 3890 1765 3946; x_wconf 89' lang='lat' dir='ltr'><strong>bonum</strong></span> <span class='ocrx_word' id='word_1_526' title='bbox 1781 3886 1811 3941; x_wconf 92' lang='lat' dir='ltr'><strong>id</strong></span> 
     </span>
     <span class='ocr_line' id='line_1_42' title="bbox 110 3974 1811 4061; baseline -0.006 -21"><span class='ocrx_word' id='word_1_527' title='bbox 110 3991 246 4056; x_wconf 61' lang='lat' dir='ltr'><strong>menum,</strong></span> <span class='ocrx_word' id='word_1_528' title='bbox 261 4005 321 4045; x_wconf 91' lang='lat' dir='ltr'><strong>nou</strong></span> <span class='ocrx_word' id='word_1_529' title='bbox 338 3989 503 4061; x_wconf 82' lang='lat' dir='ltr'><strong>exagitasse</strong></span> <span class='ocrx_word' id='word_1_530' title='bbox 531 3988 747 4046; x_wconf 87' lang='lat' dir='ltr'><strong>Tertullianum</strong></span> <span class='ocrx_word' id='word_1_531' title='bbox 774 3989 803 4045; x_wconf 90' lang='lat' dir='ltr'><strong>in</strong></span> <span class='ocrx_word' id='word_1_532' title='bbox 831 3995 932 4046; x_wconf 88' lang='lat' dir='ltr'><strong>nostro</strong></span> <span class='ocrx_word' id='word_1_533' title='bbox 986 3988 1105 4061; x_wconf 90' lang='lat' dir='ltr'><strong>quidem</strong></span> <span class='ocrx_word' id='word_1_534' title='bbox 1120 4003 1185 4044; x_wconf 88' lang='lat' dir='ltr'><strong>esse</strong></span> <span class='ocrx_word' id='word_1_535' title='bbox 1200 3986 1308 4060; x_wconf 91' lang='lat' dir='ltr'><strong>inquit,</strong></span> <span class='ocrx_word' id='word_1_536' title='bbox 1323 3986 1467 4058; x_wconf 89' lang='lat' dir='ltr'><strong>quasdam</strong></span> <span class='ocrx_word' id='word_1_537' title='bbox 1484 3985 1578 4039; x_wconf 85' lang='lat' dir='ltr'><strong>certas</strong></span> <span class='ocrx_word' id='word_1_538' title='bbox 1593 3983 1621 4038; x_wconf 88' lang='lat' dir='ltr'><strong>et</strong></span> <span class='ocrx_word' id='word_1_539' title='bbox 1637 3977 1710 4033; x_wconf 89' lang='lat' dir='ltr'><strong>lixas</strong></span> <span class='ocrx_word' id='word_1_540' title='bbox 1726 3974 1811 4049; x_wconf 85' lang='lat' dir='ltr'><strong>quasi</strong></span> 
     </span>
     <span class='ocr_line' id='line_1_43' title="bbox 108 4069 1809 4151; baseline -0.005 -23"><span class='ocrx_word' id='word_1_541' title='bbox 108 4073 199 4133; x_wconf 87' lang='lat' dir='ltr'><strong>libello</strong></span> <span class='ocrx_word' id='word_1_542' title='bbox 211 4077 329 4133; x_wconf 85' lang='lat' dir='ltr'><strong>Hermos</strong></span> <span class='ocrx_word' id='word_1_543' title='bbox 345 4078 488 4133; x_wconf 82' lang='lat' dir='ltr'><strong>Pastorem</strong></span> <span class='ocrx_word' id='word_1_544' title='bbox 500 4081 652 4150; x_wconf 87' lang='lat' dir='ltr'><strong>propterea</strong></span> <span class='ocrx_word' id='word_1_545' title='bbox 663 4078 741 4151; x_wconf 91' lang='lat' dir='ltr'><strong>quod</strong></span> <span class='ocrx_word' id='word_1_546' title='bbox 753 4077 809 4134; x_wconf 90' lang='lat' dir='ltr'><strong>sibi</strong></span> <span class='ocrx_word' id='word_1_547' title='bbox 820 4077 932 4136; x_wconf 81' lang='lat' dir='ltr'><strong>Herma</strong></span> <span class='ocrx_word' id='word_1_548' title='bbox 985 4076 1073 4134; x_wconf 90' lang='lat' dir='ltr'><strong>horas</strong></span> <span class='ocrx_word' id='word_1_549' title='bbox 1089 4076 1225 4150; x_wconf 85' lang='lat' dir='ltr'><strong>precibus</strong></span> <span class='ocrx_word' id='word_1_550' title='bbox 1235 4073 1509 4146; x_wconf 88' lang='lat' dir='ltr'><strong>destineri‚tertiem</strong></span> <span class='ocrx_word' id='word_1_551' title='bbox 1522 4069 1642 4136; x_wconf 88' lang='lat' dir='ltr'><strong>scilicet,</strong></span> <span class='ocrx_word' id='word_1_552' title='bbox 1654 4071 1683 4123; x_wconf 90' lang='lat' dir='ltr'><strong>et</strong></span> <span class='ocrx_word' id='word_1_553' title='bbox 1697 4071 1809 4123; x_wconf 87' lang='lat' dir='ltr'><strong>sertam</strong></span> 
     </span>
     <span class='ocr_line' id='line_1_44' title="bbox 108 4145 1810 4240; baseline -0.005 -22"><span class='ocrx_word' id='word_1_554' title='bbox 108 4165 262 4222; x_wconf 71' lang='lat' dir='ltr'><strong>aucmntes</strong></span> <span class='ocrx_word' id='word_1_555' title='bbox 287 4182 346 4222; x_wconf 91' lang='lat' dir='ltr'><strong>nou</strong></span> <span class='ocrx_word' id='word_1_556' title='bbox 373 4169 489 4222; x_wconf 88' lang='lat' dir='ltr'><strong>tautum</strong></span> <span class='ocrx_word' id='word_1_557' title='bbox 513 4165 677 4223; x_wconf 87' lang='lat' dir='ltr'><strong>obstitisset</strong></span> <span class='ocrx_word' id='word_1_558' title='bbox 691 4171 849 4240; x_wconf 88' lang='lat' dir='ltr'><strong>quantum,</strong></span> <span class='ocrx_word' id='word_1_559' title='bbox 863 4184 931 4226; x_wconf 90' lang='lat' dir='ltr'><strong>eum</strong></span> <span class='ocrx_word' id='word_1_560' title='bbox 986 4170 1015 4223; x_wconf 89' lang='lat' dir='ltr'><strong>et</strong></span> <span class='ocrx_word' id='word_1_561' title='bbox 1030 4183 1138 4224; x_wconf 90' lang='lat' dir='ltr'><strong>nonem</strong></span> <span class='ocrx_word' id='word_1_562' title='bbox 1153 4166 1190 4223; x_wconf 89' lang='lat' dir='ltr'><strong>eb</strong></span> <span class='ocrx_word' id='word_1_563' title='bbox 1205 4164 1345 4238; x_wconf 88' lang='lat' dir='ltr'><strong>apostolis</strong></span> <span class='ocrx_word' id='word_1_564' title='bbox 1358 4179 1475 4237; x_wconf 89' lang='lat' dir='ltr'><strong>quoque</strong></span> <span class='ocrx_word' id='word_1_565' title='bbox 1490 4160 1692 4225; x_wconf 63' lang='lat' dir='ltr'><strong>observatam</strong></span> <span class='ocrx_word' id='word_1_566' title='bbox 1709 4145 1759 4212; x_wconf 84' lang='lat' dir='ltr'><strong>sed</strong></span> <span class='ocrx_word' id='word_1_567' title='bbox 1781 4155 1810 4210; x_wconf 94' lang='lat' dir='ltr'><strong>id</strong></span> 
     </span>
     <span class='ocr_line' id='line_1_45' title="bbox 106 4247 1810 4329; baseline -0.004 -21"><span class='ocrx_word' id='word_1_568' title='bbox 106 4259 232 4312; x_wconf 79' lang='lat' dir='ltr'><strong>exararet</strong></span> <span class='ocrx_word' id='word_1_569' title='bbox 262 4253 374 4312; x_wconf 89' lang='lat' dir='ltr'><strong>librum</strong></span> <span class='ocrx_word' id='word_1_570' title='bbox 399 4255 432 4312; x_wconf 86' lang='lat' dir='ltr'><strong>de</strong></span> <span class='ocrx_word' id='word_1_571' title='bbox 459 4255 610 4328; x_wconf 83' lang='lat' dir='ltr'><strong>Pudicitia,</strong></span> <span class='ocrx_word' id='word_1_572' title='bbox 631 4272 722 4329; x_wconf 89' lang='lat' dir='ltr'><strong>quaro</strong></span> <span class='ocrx_word' id='word_1_573' title='bbox 750 4273 802 4314; x_wconf 91' lang='lat' dir='ltr'><strong>neo</strong></span> <span class='ocrx_word' id='word_1_574' title='bbox 829 4257 933 4316; x_wconf 89' lang='lat' dir='ltr'><strong>luisset</strong></span> <span class='ocrx_word' id='word_1_575' title='bbox 987 4256 1105 4329; x_wconf 90' lang='lat' dir='ltr'><strong>quidem</strong></span> <span class='ocrx_word' id='word_1_576' title='bbox 1122 4255 1197 4322; x_wconf 83' lang='lat' dir='ltr'><strong>fleri,</strong></span> <span class='ocrx_word' id='word_1_577' title='bbox 1212 4255 1324 4326; x_wconf 81' lang='lat' dir='ltr'><strong>adjicit,</strong></span> <span class='ocrx_word' id='word_1_578' title='bbox 1337 4257 1401 4310; x_wconf 84' lang='lat' dir='ltr'><strong>siue</strong></span> <span class='ocrx_word' id='word_1_579' title='bbox 1414 4254 1501 4310; x_wconf 83' lang='lat' dir='ltr'><strong>ullius</strong></span> <span class='ocrx_word' id='word_1_580' title='bbox 1514 4247 1715 4308; x_wconf 80' lang='lat' dir='ltr'><strong>observationis</strong></span> <span class='ocrx_word' id='word_1_581' title='bbox 1732 4261 1810 4318; x_wconf 77' lang='lat' dir='ltr'><strong>prm·</strong></span> 
     </span>
     <span class='ocr_line' id='line_1_46' title="bbox 107 4335 1808 4418; baseline -0.005 -20"><span class='ocrx_word' id='word_1_582' title='bbox 107 4357 220 4401; x_wconf 83' lang='lat' dir='ltr'><strong>neeesse</strong></span> <span class='ocrx_word' id='word_1_583' title='bbox 236 4349 272 4400; x_wconf 92' lang='lat' dir='ltr'><strong>ut</strong></span> <span class='ocrx_word' id='word_1_584' title='bbox 287 4343 352 4416; x_wconf 85' lang='lat' dir='ltr'><strong>ejus</strong></span> <span class='ocrx_word' id='word_1_585' title='bbox 367 4343 495 4417; x_wconf 90' lang='lat' dir='ltr'><strong>pretium</strong></span> <span class='ocrx_word' id='word_1_586' title='bbox 506 4343 641 4402; x_wconf 83' lang='lat' dir='ltr'><strong>elevaret.</strong></span> <span class='ocrx_word' id='word_1_587' title='bbox 650 4344 724 4402; x_wconf 91' lang='lat' dir='ltr'><strong>Nam</strong></span> <span class='ocrx_word' id='word_1_588' title='bbox 741 4345 856 4403; x_wconf 89' lang='lat' dir='ltr'><strong>etiamsi</strong></span> <span class='ocrx_word' id='word_1_589' title='bbox 872 4363 931 4404; x_wconf 92' lang='lat' dir='ltr'><strong>non</strong></span> <span class='ocrx_word' id='word_1_590' title='bbox 984 4349 1070 4418; x_wconf 87' lang='lat' dir='ltr'><strong>cepto,</strong></span> <span class='ocrx_word' id='word_1_591' title='bbox 1088 4361 1182 4418; x_wconf 89' lang='lat' dir='ltr'><strong>neque</strong></span> <span class='ocrx_word' id='word_1_592' title='bbox 1196 4343 1259 4418; x_wconf 87' lang='lat' dir='ltr'><strong>lege</strong></span> <span class='ocrx_word' id='word_1_593' title='bbox 1274 4347 1434 4417; x_wconf 81' lang='lat' dir='ltr'><strong>praceptas</strong></span> <span class='ocrx_word' id='word_1_594' title='bbox 1447 4355 1512 4398; x_wconf 88' lang='lat' dir='ltr'><strong>esse</strong></span> <span class='ocrx_word' id='word_1_595' title='bbox 1535 4338 1607 4396; x_wconf 89' lang='lat' dir='ltr'><strong>alias</strong></span> <span class='ocrx_word' id='word_1_596' title='bbox 1622 4341 1726 4411; x_wconf 84' lang='lat' dir='ltr'><strong>prater</strong></span> <span class='ocrx_word' id='word_1_597' title='bbox 1740 4335 1808 4407; x_wconf 81' lang='lat' dir='ltr'><strong>lepi-</strong></span> 
     </span>
     <span class='ocr_line' id='line_1_47' title="bbox 107 4425 1807 4508; baseline -0.004 -22"><span class='ocrx_word' id='word_1_598' title='bbox 107 4448 243 4506; x_wconf 83' lang='lat' dir='ltr'><strong>negemus</strong></span> <span class='ocrx_word' id='word_1_599' title='bbox 258 4433 357 4508; x_wconf 83' lang='lat' dir='ltr'><strong>magis</strong></span> <span class='ocrx_word' id='word_1_600' title='bbox 370 4434 569 4490; x_wconf 84' lang='lat' dir='ltr'><strong>adversariam</strong></span> <span class='ocrx_word' id='word_1_601' title='bbox 580 4434 670 4492; x_wconf 89' lang='lat' dir='ltr'><strong>luisse</strong></span> <span class='ocrx_word' id='word_1_602' title='bbox 681 4439 793 4492; x_wconf 78' lang='lat' dir='ltr'><strong>Herma</strong></span> <span class='ocrx_word' id='word_1_603' title='bbox 804 4436 932 4492; x_wconf 88' lang='lat' dir='ltr'><strong>auetori-</strong></span> <span class='ocrx_word' id='word_1_604' title='bbox 984 4437 1069 4492; x_wconf 86' lang='lat' dir='ltr'><strong>timus</strong></span> <span class='ocrx_word' id='word_1_605' title='bbox 1084 4437 1232 4503; x_wconf 78' lang='lat' dir='ltr'><strong>orationes,</strong></span> <span class='ocrx_word' id='word_1_606' title='bbox 1249 4433 1279 4490; x_wconf 93' lang='lat' dir='ltr'><strong>b.</strong></span> <span class='ocrx_word' id='word_1_607' title='bbox 1295 4449 1321 4489; x_wconf 90' lang='lat' dir='ltr'><strong>e.</strong></span> <span class='ocrx_word' id='word_1_608' title='bbox 1337 4449 1387 4489; x_wconf 88' lang='lat' dir='ltr'><strong>ces</strong></span> <span class='ocrx_word' id='word_1_609' title='bbox 1402 4447 1467 4504; x_wconf 81' lang='lat' dir='ltr'><strong>qua</strong></span> <span class='ocrx_word' id='word_1_610' title='bbox 1482 4429 1537 4487; x_wconf 88' lang='lat' dir='ltr'><strong>sub</strong></span> <span class='ocrx_word' id='word_1_611' title='bbox 1553 4433 1649 4487; x_wconf 91' lang='lat' dir='ltr'><strong>ortum</strong></span> <span class='ocrx_word' id='word_1_612' title='bbox 1665 4425 1739 4483; x_wconf 90' lang='lat' dir='ltr'><strong>lucis</strong></span> <span class='ocrx_word' id='word_1_613' title='bbox 1754 4441 1807 4480; x_wconf 90' lang='lat' dir='ltr'><strong>no-</strong></span> 
     </span>
     <span class='ocr_line' id='line_1_48' title="bbox 107 4518 1810 4598; baseline -0.003 -22"><span class='ocrx_word' id='word_1_614' title='bbox 107 4523 189 4578; x_wconf 86' lang='lat' dir='ltr'><strong>tatem</strong></span> <span class='ocrx_word' id='word_1_615' title='bbox 206 4524 287 4580; x_wconf 73' lang='lat' dir='ltr'><strong>no</strong></span> <span class='ocrx_word' id='word_1_616' title='bbox 301 4521 481 4580; x_wconf 88' lang='lat' dir='ltr'><strong>Tertulliano</strong></span> <span class='ocrx_word' id='word_1_617' title='bbox 496 4523 526 4580; x_wconf 91' lang='lat' dir='ltr'><strong>in</strong></span> <span class='ocrx_word' id='word_1_618' title='bbox 542 4523 631 4581; x_wconf 89' lang='lat' dir='ltr'><strong>rebus</strong></span> <span class='ocrx_word' id='word_1_619' title='bbox 645 4523 694 4596; x_wconf 91' lang='lat' dir='ltr'><strong>iis,</strong></span> <span class='ocrx_word' id='word_1_620' title='bbox 710 4540 837 4597; x_wconf 89' lang='lat' dir='ltr'><strong>quarum</strong></span> <span class='ocrx_word' id='word_1_621' title='bbox 854 4541 932 4584; x_wconf 90' lang='lat' dir='ltr'><strong>men·</strong></span> <span class='ocrx_word' id='word_1_622' title='bbox 986 4523 1354 4598; x_wconf 88' lang='lat' dir='ltr'><strong>ctisquepronuntiantur.</strong></span> <span class='ocrx_word' id='word_1_623' title='bbox 1385 4521 1419 4578; x_wconf 84' lang='lat' dir='ltr'><strong>ltt</strong></span> <span class='ocrx_word' id='word_1_624' title='bbox 1441 4538 1466 4578; x_wconf 91' lang='lat' dir='ltr'><strong>c.</strong></span> <span class='ocrx_word' id='word_1_625' title='bbox 1494 4518 1810 4588; x_wconf 73' lang='lat' dir='ltr'><strong>euertasbetcmpo-</strong></span> 
     </span>
     <span class='ocr_line' id='line_1_49' title="bbox 107 4607 1810 4688; baseline -0.002 -26"><span class='ocrx_word' id='word_1_626' title='bbox 107 4609 142 4666; x_wconf 88' lang='lat' dir='ltr'><strong>tio</strong></span> <span class='ocrx_word' id='word_1_627' title='bbox 152 4615 197 4668; x_wconf 86' lang='lat' dir='ltr'><strong>ost</strong></span> <span class='ocrx_word' id='word_1_628' title='bbox 210 4611 325 4686; x_wconf 82' lang='lat' dir='ltr'><strong>injecta</strong></span> <span class='ocrx_word' id='word_1_629' title='bbox 340 4611 371 4668; x_wconf 93' lang='lat' dir='ltr'><strong>in</strong></span> <span class='ocrx_word' id='word_1_630' title='bbox 386 4611 464 4669; x_wconf 91' lang='lat' dir='ltr'><strong>bello</strong></span> <span class='ocrx_word' id='word_1_631' title='bbox 485 4613 518 4670; x_wconf 87' lang='lat' dir='ltr'><strong>de</strong></span> <span class='ocrx_word' id='word_1_632' title='bbox 535 4612 684 4681; x_wconf 85' lang='lat' dir='ltr'><strong>Pudicitia,</strong></span> <span class='ocrx_word' id='word_1_633' title='bbox 700 4615 764 4687; x_wconf 87' lang='lat' dir='ltr'><strong>ejus</strong></span> <span class='ocrx_word' id='word_1_634' title='bbox 780 4618 879 4672; x_wconf 88' lang='lat' dir='ltr'><strong>tamen</strong></span> <span class='ocrx_word' id='word_1_635' title='bbox 895 4615 931 4672; x_wconf 91' lang='lat' dir='ltr'><strong>de</strong></span> <span class='ocrx_word' id='word_1_636' title='bbox 946 4615 969 4682; x_wconf 84' lang='lat' dir='ltr'><strong>l)</strong></span> <span class='ocrx_word' id='word_1_637' title='bbox 985 4615 1073 4682; x_wconf 62' lang='lat' dir='ltr'><strong>ribus</strong></span> <span class='ocrx_word' id='word_1_638' title='bbox 1102 4613 1209 4688; x_wconf 89' lang='lat' dir='ltr'><strong>inquit,</strong></span> <span class='ocrx_word' id='word_1_639' title='bbox 1229 4613 1364 4670; x_wconf 77' lang='lat' dir='ltr'><strong>orationis</strong></span> <span class='ocrx_word' id='word_1_640' title='bbox 1395 4611 1470 4669; x_wconf 82' lang='lat' dir='ltr'><strong>uttit</strong></span> <span class='ocrx_word' id='word_1_641' title='bbox 1495 4610 1607 4666; x_wconf 82' lang='lat' dir='ltr'><strong>omuino</strong></span> <span class='ocrx_word' id='word_1_642' title='bbox 1621 4607 1810 4679; x_wconf 75' lang='lat' dir='ltr'><strong>prescriptum</strong></span> 
     </span>
     <span class='ocr_line' id='line_1_50' title="bbox 108 4695 1810 4776; baseline -0.001 -24"><span class='ocrx_word' id='word_1_643' title='bbox 108 4696 208 4758; x_wconf 87' lang='lat' dir='ltr'><strong>Herma</strong></span> <span class='ocrx_word' id='word_1_644' title='bbox 219 4701 373 4774; x_wconf 88' lang='lat' dir='ltr'><strong>judicium</strong></span> <span class='ocrx_word' id='word_1_645' title='bbox 397 4701 427 4758; x_wconf 92' lang='lat' dir='ltr'><strong>iu</strong></span> <span class='ocrx_word' id='word_1_646' title='bbox 451 4707 552 4760; x_wconf 87' lang='lat' dir='ltr'><strong>nostro</strong></span> <span class='ocrx_word' id='word_1_647' title='bbox 581 4701 614 4760; x_wconf 80' lang='lat' dir='ltr'><strong>ote</strong></span> <span class='ocrx_word' id='word_1_648' title='bbox 636 4704 931 4764; x_wconf 77' lang='lat' dir='ltr'><strong>orationalibroncn</strong></span> <span class='ocrx_word' id='word_1_649' title='bbox 984 4703 1344 4776; x_wconf 85' lang='lat' dir='ltr'><strong>est,uisipluueomuiiu</strong></span> <span class='ocrx_word' id='word_1_650' title='bbox 1372 4709 1492 4772; x_wconf 83' lang='lat' dir='ltr'><strong>tempore</strong></span> <span class='ocrx_word' id='word_1_651' title='bbox 1518 4704 1547 4756; x_wconf 89' lang='lat' dir='ltr'><strong>et</strong></span> <span class='ocrx_word' id='word_1_652' title='bbox 1562 4699 1618 4756; x_wconf 87' lang='lat' dir='ltr'><strong>loco</strong></span> <span class='ocrx_word' id='word_1_653' title='bbox 1646 4712 1738 4755; x_wconf 85' lang='lat' dir='ltr'><strong>arura.</strong></span> <span class='ocrx_word' id='word_1_654' title='bbox 1754 4695 1810 4752; x_wconf 84' lang='lat' dir='ltr'><strong>Sed</strong></span> 
     </span>
     <span class='ocr_line' id='line_1_51' title="bbox 109 4785 1809 4867; baseline -0.002 -24"><span class='ocrx_word' id='word_1_655' title='bbox 109 4789 198 4847; x_wconf 85' lang='lat' dir='ltr'><strong>solum</strong></span> <span class='ocrx_word' id='word_1_656' title='bbox 214 4790 312 4848; x_wconf 92' lang='lat' dir='ltr'><strong>multo</strong></span> <span class='ocrx_word' id='word_1_657' title='bbox 327 4796 373 4848; x_wconf 88' lang='lat' dir='ltr'><strong>est</strong></span> <span class='ocrx_word' id='word_1_658' title='bbox 389 4789 492 4856; x_wconf 91' lang='lat' dir='ltr'><strong>nitius,</strong></span> <span class='ocrx_word' id='word_1_659' title='bbox 502 4793 552 4849; x_wconf 87' lang='lat' dir='ltr'><strong>sed</strong></span> <span class='ocrx_word' id='word_1_660' title='bbox 565 4792 606 4850; x_wconf 91' lang='lat' dir='ltr'><strong>ita</strong></span> <span class='ocrx_word' id='word_1_661' title='bbox 619 4797 818 4866; x_wconf 88' lang='lat' dir='ltr'><strong>comparatum</strong></span> <span class='ocrx_word' id='word_1_662' title='bbox 829 4794 930 4867; x_wconf 87' lang='lat' dir='ltr'><strong>etiem,</strong></span> <span class='ocrx_word' id='word_1_663' title='bbox 985 4797 1014 4850; x_wconf 90' lang='lat' dir='ltr'><strong>et</strong></span> <span class='ocrx_word' id='word_1_664' title='bbox 1028 4793 1058 4849; x_wconf 91' lang='lat' dir='ltr'><strong>in</strong></span> <span class='ocrx_word' id='word_1_665' title='bbox 1074 4791 1173 4850; x_wconf 90' lang='lat' dir='ltr'><strong>libello</strong></span> <span class='ocrx_word' id='word_1_666' title='bbox 1187 4792 1220 4849; x_wconf 86' lang='lat' dir='ltr'><strong>de</strong></span> <span class='ocrx_word' id='word_1_667' title='bbox 1234 4791 1356 4866; x_wconf 73' lang='lat' dir='ltr'><strong>iejuniis</strong></span> <span class='ocrx_word' id='word_1_668' title='bbox 1377 4789 1533 4865; x_wconf 88' lang='lat' dir='ltr'><strong>peracerbo</strong></span> <span class='ocrx_word' id='word_1_669' title='bbox 1554 4786 1682 4861; x_wconf 81' lang='lat' dir='ltr'><strong>exagitat</strong></span> <span class='ocrx_word' id='word_1_670' title='bbox 1710 4785 1809 4843; x_wconf 88' lang='lat' dir='ltr'><strong>ortho-</strong></span> 
     </span>
     <span class='ocr_line' id='line_1_52' title="bbox 110 4879 1807 4956; baseline -0.002 -22"><span class='ocrx_word' id='word_1_671' title='bbox 110 4881 931 4956; x_wconf 81' lang='lat' dir='ltr'><strong>utipaellermeeuctoritatemnonuniversecontem-</strong></span> <span class='ocrx_word' id='word_1_672' title='bbox 985 4885 1067 4942; x_wconf 80' lang='lat' dir='ltr'><strong>dora</strong></span> <span class='ocrx_word' id='word_1_673' title='bbox 1081 4882 1209 4938; x_wconf 84' lang='lat' dir='ltr'><strong>lloolasia</strong></span> <span class='ocrx_word' id='word_1_674' title='bbox 1236 4882 1368 4938; x_wconf 88' lang='lat' dir='ltr'><strong>addictos</strong></span> <span class='ocrx_word' id='word_1_675' title='bbox 1392 4881 1427 4954; x_wconf 91' lang='lat' dir='ltr'><strong>(o.</strong></span> <span class='ocrx_word' id='word_1_676' title='bbox 1457 4879 1483 4953; x_wconf 82' lang='lat'><strong>2)</strong></span> <span class='ocrx_word' id='word_1_677' title='bbox 1512 4880 1587 4936; x_wconf 74' lang='grc'><strong>147</strong></span> <span class='ocrx_word' id='word_1_678' title='bbox 1611 4879 1807 4950; x_wconf 85' lang='lat' dir='ltr'><strong>proptercam</strong></span> 
     </span>
     <span class='ocr_line' id='line_1_53' title="bbox 110 4964 1809 5046; baseline -0.002 -22"><span class='ocrx_word' id='word_1_679' title='bbox 110 4969 196 5040; x_wconf 88' lang='lat' dir='ltr'><strong>psisse</strong></span> <span class='ocrx_word' id='word_1_680' title='bbox 210 4972 358 5030; x_wconf 83' lang='lat' dir='ltr'><strong>rideatur.</strong></span> <span class='ocrx_word' id='word_1_681' title='bbox 375 4973 415 5028; x_wconf 84' lang='lat' dir='ltr'><strong>lto</strong></span> <span class='ocrx_word' id='word_1_682' title='bbox 430 4969 504 5028; x_wconf 90' lang='lat' dir='ltr'><strong>illud</strong></span> <span class='ocrx_word' id='word_1_683' title='bbox 518 4977 577 5044; x_wconf 71' lang='lat' dir='ltr'><strong>tere</strong></span> <span class='ocrx_word' id='word_1_684' title='bbox 605 4972 762 5046; x_wconf 81' lang='lat' dir='ltr'><strong>Scriptura,</strong></span> <span class='ocrx_word' id='word_1_685' title='bbox 779 4975 857 5046; x_wconf 91' lang='lat' dir='ltr'><strong>quod</strong></span> <span class='ocrx_word' id='word_1_686' title='bbox 873 4974 931 5031; x_wconf 84' lang='lat' dir='ltr'><strong>vim</strong></span> <span class='ocrx_word' id='word_1_687' title='bbox 985 4988 1117 5044; x_wconf 86' lang='lat' dir='ltr'><strong>eausam,</strong></span> <span class='ocrx_word' id='word_1_688' title='bbox 1134 4971 1211 5045; x_wconf 84' lang='lat' dir='ltr'><strong>quod</strong></span> <span class='ocrx_word' id='word_1_689' title='bbox 1226 4969 1435 5028; x_wconf 85' lang='lat' dir='ltr'><strong>abstinendum</strong></span> <span class='ocrx_word' id='word_1_690' title='bbox 1465 4985 1529 5026; x_wconf 86' lang='lat' dir='ltr'><strong>esse</strong></span> <span class='ocrx_word' id='word_1_691' title='bbox 1553 4966 1684 5025; x_wconf 87' lang='lat' dir='ltr'><strong>dicerent</strong></span> <span class='ocrx_word' id='word_1_692' title='bbox 1707 4983 1724 5023; x_wconf 89' lang='lat' dir='ltr'><strong>a</strong></span> <span class='ocrx_word' id='word_1_693' title='bbox 1745 4964 1809 5021; x_wconf 88' lang='lat' dir='ltr'><strong>cibo</strong></span> 
     </span>
     <span class='ocr_line' id='line_1_54' title="bbox 108 5055 1810 5136; baseline -0.003 -23"><span class='ocrx_word' id='word_1_694' title='bbox 108 5055 191 5130; x_wconf 85' lang='lat' dir='ltr'><strong>hujus</strong></span> <span class='ocrx_word' id='word_1_695' title='bbox 207 5062 377 5136; x_wconf 83' lang='lat' dir='ltr'><strong>argumenti</strong></span> <span class='ocrx_word' id='word_1_696' title='bbox 394 5061 528 5120; x_wconf 88' lang='lat' dir='ltr'><strong>minuero</strong></span> <span class='ocrx_word' id='word_1_697' title='bbox 551 5062 745 5121; x_wconf 89' lang='lat' dir='ltr'><strong>Hollmannus</strong></span> <span class='ocrx_word' id='word_1_698' title='bbox 761 5064 931 5134; x_wconf 89' lang='lat' dir='ltr'><strong>arbitratur,</strong></span> <span class='ocrx_word' id='word_1_699' title='bbox 986 5079 1021 5121; x_wconf 81' lang='lat' dir='ltr'><strong>ea</strong></span> <span class='ocrx_word' id='word_1_700' title='bbox 1035 5061 1162 5132; x_wconf 84' lang='lat' dir='ltr'><strong>arbitrio,</strong></span> <span class='ocrx_word' id='word_1_701' title='bbox 1190 5076 1247 5118; x_wconf 85' lang='lat' dir='ltr'><strong>uuo</strong></span> <span class='ocrx_word' id='word_1_702' title='bbox 1267 5074 1302 5117; x_wconf 80' lang='lat' dir='ltr'><strong>eu</strong></span> <span class='ocrx_word' id='word_1_703' title='bbox 1330 5061 1445 5133; x_wconf 80' lang='lat' dir='ltr'><strong>imperia</strong></span> <span class='ocrx_word' id='word_1_704' title='bbox 1472 5074 1549 5116; x_wconf 74' lang='lat' dir='ltr'><strong>aava</strong></span> <span class='ocrx_word' id='word_1_705' title='bbox 1575 5057 1734 5130; x_wconf 76' lang='lat' dir='ltr'><strong>disciplinas</strong></span> <span class='ocrx_word' id='word_1_706' title='bbox 1759 5069 1810 5126; x_wconf 85' lang='lat' dir='ltr'><strong>pro</strong></span> 
     </span>
     <span class='ocr_line' id='line_1_55' title="bbox 109 5146 1811 5226; baseline -0.001 -26"><span class='ocrx_word' id='word_1_707' title='bbox 109 5149 175 5206; x_wconf 85' lang='lat' dir='ltr'><strong>satis</strong></span> <span class='ocrx_word' id='word_1_708' title='bbox 190 5155 237 5207; x_wconf 87' lang='lat' dir='ltr'><strong>est</strong></span> <span class='ocrx_word' id='word_1_709' title='bbox 263 5151 299 5207; x_wconf 88' lang='lat' dir='ltr'><strong>ab</strong></span> <span class='ocrx_word' id='word_1_710' title='bbox 322 5167 356 5208; x_wconf 82' lang='lat' dir='ltr'><strong>eo</strong></span> <span class='ocrx_word' id='word_1_711' title='bbox 380 5151 479 5223; x_wconf 88' lang='lat' dir='ltr'><strong>inopte</strong></span> <span class='ocrx_word' id='word_1_712' title='bbox 505 5151 681 5226; x_wconf 84' lang='lat' dir='ltr'><strong>explicatum</strong></span> <span class='ocrx_word' id='word_1_713' title='bbox 706 5153 759 5226; x_wconf 88' lang='lat' dir='ltr'><strong>aio,</strong></span> <span class='ocrx_word' id='word_1_714' title='bbox 774 5157 932 5212; x_wconf 85' lang='lat' dir='ltr'><strong>altomuro</strong></span> <span class='ocrx_word' id='word_1_715' title='bbox 986 5153 1156 5226; x_wconf 78' lang='lat' dir='ltr'><strong>temporibus</strong></span> <span class='ocrx_word' id='word_1_716' title='bbox 1183 5155 1209 5209; x_wconf 87' lang='lat' dir='ltr'><strong>et</strong></span> <span class='ocrx_word' id='word_1_717' title='bbox 1236 5152 1327 5208; x_wconf 87' lang='lat' dir='ltr'><strong>causis</strong></span> <span class='ocrx_word' id='word_1_718' title='bbox 1364 5150 1589 5222; x_wconf 73' lang='lat' dir='ltr'><strong>animosiusque,</strong></span> <span class='ocrx_word' id='word_1_719' title='bbox 1618 5151 1646 5203; x_wconf 87' lang='lat' dir='ltr'><strong>et</strong></span> <span class='ocrx_word' id='word_1_720' title='bbox 1672 5146 1811 5202; x_wconf 78' lang='lat' dir='ltr'><strong>orationes</strong></span> 
     </span>
     <span class='ocr_line' id='line_1_56' title="bbox 108 5234 1812 5334; baseline 0 -45"><span class='ocrx_word' id='word_1_721' title='bbox 108 5234 198 5334; x_wconf 76' lang='lat' dir='ltr'><strong>dicere</strong></span> <span class='ocrx_word' id='word_1_722' title='bbox 226 5238 354 5297; x_wconf 84' lang='lat' dir='ltr'><strong>voluerit</strong></span> <span class='ocrx_word' id='word_1_723' title='bbox 381 5240 504 5298; x_wconf 88' lang='lat' dir='ltr'><strong>Tertull.</strong></span> <span class='ocrx_word' id='word_1_724' title='bbox 534 5258 640 5300; x_wconf 90' lang='lat' dir='ltr'><strong>nomen</strong></span> <span class='ocrx_word' id='word_1_725' title='bbox 666 5245 794 5302; x_wconf 84' lang='lat' dir='ltr'><strong>Pastoris</strong></span> <span class='ocrx_word' id='word_1_726' title='bbox 820 5245 932 5302; x_wconf 83' lang='lat' dir='ltr'><strong>Herma</strong></span> <span class='ocrx_word' id='word_1_727' title='bbox 986 5243 1070 5299; x_wconf 86' lang='lat' dir='ltr'><strong>otiam</strong></span> <span class='ocrx_word' id='word_1_728' title='bbox 1084 5243 1141 5313; x_wconf 73' lang='lat' dir='ltr'><strong>[aro</strong></span> <span class='ocrx_word' id='word_1_729' title='bbox 1155 5240 1223 5298; x_wconf 82' lang='lat' dir='ltr'><strong>tora</strong></span> <span class='ocrx_word' id='word_1_730' title='bbox 1236 5257 1311 5298; x_wconf 87' lang='lat' dir='ltr'><strong>uana</strong></span> <span class='ocrx_word' id='word_1_731' title='bbox 1338 5239 1531 5298; x_wconf 69' lang='lat' dir='ltr'><strong>eonaluweut</strong></span> <span class='ocrx_word' id='word_1_732' title='bbox 1558 5237 1591 5294; x_wconf 83' lang='lat' dir='ltr'><strong>de</strong></span> <span class='ocrx_word' id='word_1_733' title='bbox 1617 5237 1694 5293; x_wconf 79' lang='lat' dir='ltr'><strong>Petri</strong></span> <span class='ocrx_word' id='word_1_734' title='bbox 1715 5251 1812 5291; x_wconf 81' lang='lat' dir='ltr'><strong>ecem-</strong></span> 
     </span>
     <span class='ocr_line' id='line_1_57' title="bbox 108 5319 1811 5406; baseline 0.001 -29"><span class='ocrx_word' id='word_1_735' title='bbox 108 5319 932 5400; x_wconf 85' lang='lat' dir='ltr'><strong>bbelloimponi,oumilludnomenuullomodomeree·</strong></span> <span class='ocrx_word' id='word_1_736' title='bbox 984 5330 1207 5406; x_wconf 86' lang='lat' dir='ltr'><strong>plo;additquo</strong></span> <span class='ocrx_word' id='word_1_737' title='bbox 1235 5330 1383 5388; x_wconf 85' lang='lat' dir='ltr'><strong>disertae.</strong></span> <span class='ocrx_word' id='word_1_738' title='bbox 1414 5330 1457 5397; x_wconf 83' lang='lat'><strong>10,</strong></span> <span class='ocrx_word' id='word_1_739' title='bbox 1487 5327 1565 5384; x_wconf 86' lang='lat' dir='ltr'><strong>salua</strong></span> <span class='ocrx_word' id='word_1_740' title='bbox 1590 5324 1677 5398; x_wconf 80' lang='lat' dir='ltr'><strong>place</strong></span> <span class='ocrx_word' id='word_1_741' title='bbox 1701 5325 1811 5396; x_wconf 71' lang='lat' dir='ltr'><strong>indiffa-</strong></span> 
     </span>
     <span class='ocr_line' id='line_1_58' title="bbox 107 5411 1809 5493; baseline -0.001 -25"><span class='ocrx_word' id='word_1_742' title='bbox 107 5414 168 5484; x_wconf 90' lang='lat' dir='ltr'><strong>tur;</strong></span> <span class='ocrx_word' id='word_1_743' title='bbox 184 5432 257 5474; x_wconf 87' lang='lat' dir='ltr'><strong>nam</strong></span> <span class='ocrx_word' id='word_1_744' title='bbox 271 5415 346 5474; x_wconf 92' lang='lat' dir='ltr'><strong>illud</strong></span> <span class='ocrx_word' id='word_1_745' title='bbox 359 5419 419 5492; x_wconf 70' lang='lat' dir='ltr'><strong>fero</strong></span> <span class='ocrx_word' id='word_1_746' title='bbox 444 5417 591 5492; x_wconf 81' lang='lat' dir='ltr'><strong>Scriptura</strong></span> <span class='ocrx_word' id='word_1_747' title='bbox 614 5425 692 5478; x_wconf 88' lang='lat' dir='ltr'><strong>certe</strong></span> <span class='ocrx_word' id='word_1_748' title='bbox 706 5425 752 5479; x_wconf 86' lang='lat' dir='ltr'><strong>est</strong></span> <span class='ocrx_word' id='word_1_749' title='bbox 765 5419 808 5478; x_wconf 91' lang='lat' dir='ltr'><strong>ita</strong></span> <span class='ocrx_word' id='word_1_750' title='bbox 822 5421 932 5479; x_wconf 89' lang='lat' dir='ltr'><strong>intelli·</strong></span> <span class='ocrx_word' id='word_1_751' title='bbox 987 5421 1079 5480; x_wconf 85' lang='lat' dir='ltr'><strong>reutiu</strong></span> <span class='ocrx_word' id='word_1_752' title='bbox 1092 5435 1199 5491; x_wconf 86' lang='lat' dir='ltr'><strong>semper</strong></span> <span class='ocrx_word' id='word_1_753' title='bbox 1224 5420 1372 5493; x_wconf 73' lang='lat' dir='ltr'><strong>stetique</strong></span> <span class='ocrx_word' id='word_1_754' title='bbox 1399 5421 1425 5476; x_wconf 90' lang='lat' dir='ltr'><strong>et</strong></span> <span class='ocrx_word' id='word_1_755' title='bbox 1452 5418 1530 5475; x_wconf 85' lang='lat' dir='ltr'><strong>omui</strong></span> <span class='ocrx_word' id='word_1_756' title='bbox 1552 5421 1673 5491; x_wconf 80' lang='lat' dir='ltr'><strong>ternpore</strong></span> <span class='ocrx_word' id='word_1_757' title='bbox 1699 5411 1809 5482; x_wconf 82' lang='lat' dir='ltr'><strong>orandi,</strong></span> 
     </span>
    </p>
   </div>
   <div class='ocr_carea' id='block_1_4' title="bbox 109 5575 1809 5800">
    <p class='ocr_par' dir='ltr' id='par_1_5' title="bbox 109 5575 1809 5800">
     <span class='ocr_line' id='line_1_59' title="bbox 141 5575 1762 5668; baseline 0.004 -36"><span class='ocrx_word' id='word_1_758' title='bbox 141 5577 197 5650; x_wconf 73' lang='lat'>(30)</span> <span class='ocrx_word' id='word_1_759' title='bbox 212 5581 251 5661; x_wconf 40' lang='lat' dir='ltr'><strong>c..</strong></span> <span class='ocrx_word' id='word_1_760' title='bbox 262 5575 307 5634; x_wconf 82' lang='lat' dir='ltr'><strong>to.</strong></span> <span class='ocrx_word' id='word_1_761' title='bbox 323 5577 397 5635; x_wconf 78' lang='lat' dir='ltr'><strong>uuis.</strong></span> <span class='ocrx_word' id='word_1_762' title='bbox 424 5580 498 5662; x_wconf 66' lang='lat' dir='ltr'><strong>tud.</strong></span> <span class='ocrx_word' id='word_1_763' title='bbox 524 5583 592 5640; x_wconf 79' lang='lat' dir='ltr'><strong>Ant.</strong></span> <span class='ocrx_word' id='word_1_764' title='bbox 622 5581 784 5668; x_wconf 80' lang='lat' dir='ltr'><strong>Muratoril,</strong></span> <span class='ocrx_word' id='word_1_765' title='bbox 800 5599 857 5656; x_wconf 88' lang='lat' dir='ltr'><strong>que</strong></span> <span class='ocrx_word' id='word_1_766' title='bbox 872 5583 933 5667; x_wconf 79' lang='lat' dir='ltr'><strong>nti·</strong></span> <span class='ocrx_word' id='word_1_767' title='bbox 986 5582 1132 5666; x_wconf 67' lang='lat' dir='ltr'><strong>Aueedotis</strong></span> <span class='ocrx_word' id='word_1_768' title='bbox 1146 5581 1264 5652; x_wconf 81' lang='lat' dir='ltr'><strong>Latinis,</strong></span> <span class='ocrx_word' id='word_1_769' title='bbox 1277 5583 1349 5639; x_wconf 90' lang='lat' dir='ltr'><strong>tom.</strong></span> <span class='ocrx_word' id='word_1_770' title='bbox 1365 5579 1415 5650; x_wconf 90' lang='lat'><strong>111,</strong></span> <span class='ocrx_word' id='word_1_771' title='bbox 1431 5598 1460 5656; x_wconf 90' lang='lat' dir='ltr'><strong>p.</strong></span> <span class='ocrx_word' id='word_1_772' title='bbox 1475 5579 1494 5636; x_wconf 83' lang='lat'>9</span> <span class='ocrx_word' id='word_1_773' title='bbox 1507 5595 1591 5652; x_wconf 86' lang='lat' dir='ltr'><strong>seqq.</strong></span> <span class='ocrx_word' id='word_1_774' title='bbox 1758 5644 1762 5654; x_wconf 56' lang='grc'><strong>,</strong></span> 
     </span>
     <span class='ocr_line' id='line_1_60' title="bbox 109 5643 1809 5800; baseline 0.011 -28"><span class='ocrx_word' id='word_1_775' title='bbox 109 5659 260 5779; x_wconf 64' lang='lat' dir='ltr'><strong>risisse</strong></span> <span class='ocrx_word' id='word_1_776' title='bbox 276 5650 933 5800; x_wconf 58' lang='lat' dir='ltr'><strong>litterarumrorelustu</strong></span> <span class='ocrx_word' id='word_1_777' title='bbox 988 5655 1080 5785; x_wconf 70' lang='lat' dir='ltr'><strong>,tt</strong></span> <span class='ocrx_word' id='word_1_778' title='bbox 1093 5653 1179 5727; x_wconf 69' lang='lat' dir='ltr'><strong>T·</strong></span> <span class='ocrx_word' id='word_1_779' title='bbox 1194 5651 1319 5730; x_wconf 56' lang='lat' dir='ltr'><strong>“st</strong></span> <span class='ocrx_word' id='word_1_780' title='bbox 1455 5651 1597 5713; x_wconf 52' lang='lat' dir='ltr'><strong>‘TW&#39;</strong></span> <span class='ocrx_word' id='word_1_781' title='bbox 1610 5647 1728 5716; x_wconf 62' lang='lat' dir='ltr'><strong>&#39;‘T‘’</strong></span> <span class='ocrx_word' id='word_1_782' title='bbox 1744 5643 1809 5712; x_wconf 73' lang='lat'>¹¹¹&#39;··</span> 
     </span>
    </p>
   </div>
   <div class='ocr_carea' id='block_1_5' title="bbox 0 0 2030 6182">
    <p class='ocr_par' dir='ltr' id='par_1_6' title="bbox 0 0 2030 6182">
     <span class='ocr_line' id='line_1_61' title="bbox 0 0 2030 6182; baseline 0 0"><span class='ocrx_word' id='word_1_783' title='bbox 0 0 2030 6182; x_wconf 95' lang='lat' dir='ltr'><strong> </strong></span> 
     </span>
    </p>
   </div>
  </div>
 </body>
</html>
