4134 6184
234 325 310 387 letti
507 320 778 387 obsidibibus
795 321 955 386 OPERUbl
979 323 1078 386 PARS
1101 318 1124 384 l.
1141 315 1331 385 —Seiilits
1355 323 1394 395 ll,
1418 316 1656 384 nocuerim.
1845 325 1911 390 list

232 458 311 514 navit
326 459 381 530 (dl)
397 472 404 510 ι
421 455 635 528 feminamque
650 473 738 514 serus
752 457 936 528 generaliter,
952 456 1056 512 mulie·
1071 461 1099 525 A
1113 455 1175 512 lom
1191 455 1269 512 istud
1291 456 1507 528 frequentatur,
1530 453 1608 527 quod
1633 458 1677 512 ast
1699 453 1914 528 interpretatione

231 563 305 618 rem,
315 562 373 618 qun
388 546 498 618 gradus
515 561 603 600 sexus
614 545 788 618 specialiter.
803 546 902 617 ltaque
915 547 970 618 [lta
980 545 1059 616 quio]
1114 563 1167 617 pro
1183 561 1227 613 eo,
1244 545 1322 617 quod
1338 550 1384 601 est
1397 545 1518 613 lemine,
1532 561 1635 600 sexum
1651 544 1815 616 nominavit,
1827 546 1914 604 dicens

226 636 290 708 jem
306 639 378 692 tuno
392 635 497 707 inupta
512 634 610 689 adbuc
626 635 685 690 ilva
700 634 834 692 mulieris
849 633 989 690 vocabulo
1006 634 1061 689 luit
1112 631 1234 707 γυναὶκα.
1252 635 1282 689 16
1308 651 1377 690 sexu
1404 639 1501 690 autem
1527 638 1555 690 et
1569 635 1649 704 virgo
1663 633 1833 706 contingitur
1849 634 1909 708 (76).

233 723 302 796 (65),
314 740 471 780 commune
482 723 511 779 id
529 722 702 779 vocabulum
718 729 746 779 et
760 723 865 796 virgini
882 724 1059 779 factumest.
1113 725 1167 780 Sed
1184 728 1212 780 et
1228 723 1385 780 manifesta
1408 720 1608 796 pronuntiatio
1623 725 1690 778 est:
1708 721 1807 792 Omnis,
1822 722 1914 795 inquit,

231 813 291 870 Neo
307 812 425 881 mirum,
442 812 467 869 si
483 810 641 884 Apostolus
655 813 756 868 eodeni
774 813 875 885 utique
892 811 997 884 spiritu
1013 827 1060 868 ac·
1114 813 1216 869 mulier
1230 812 1359 880 odorans,
1375 817 1402 868 et
1422 811 1588 884 proplietam
1612 812 1708 867 intecto
1722 813 1806 882 cupite
1818 811 1913 868 dedeco-

186 951 190 967 ,
231 906 292 970 tus,
308 918 435 974 quocum
451 899 547 957 omnis
562 899 711 972 Scriptura
726 901 835 970 divina,
855 906 917 957 turn
932 901 954 936 ⁶⁸
967 905 997 956 et
1011 899 1061 956 illa
1115 905 1159 957 rot
1173 909 1253 973 capot
1267 916 1350 957 raum
1362 902 1390 971 (1
1400 898 1460 955 Cor.
1474 897 1563 972 x1,5).
1575 897 1650 964 Ouid
1665 903 1709 956 est
1723 901 1806 956 omnis
1818 900 1914 968 molier,

233 991 355 1048 Genesis
370 991 483 1062 digesta
495 995 550 1058 eet,
562 989 663 1046 eodeni
681 1007 748 1046 voce
763 1007 834 1046 usus
848 997 892 1047 est
908 989 1059 1046 mulierem
1115 989 1172 1045 nisi
1184 988 1282 1046 omnis
1292 988 1397 1058 estatis,
1408 987 1506 1045 omnis
1516 986 1738 1056 ordinis,omnis
1747 987 1916 1044 conditionis?

214 1081 378 1154 ponendo,
404 1095 470 1150 quin
499 1078 632 1149 exemplo
657 1079 718 1134 live
742 1079 872 1151 innuptos
901 1082 930 1134 et
954 1079 1060 1150 virgini
1115 1077 1193 1136 Nihil
1210 1076 1917 1150 mulierisexoipit,dicendoomnir:siontneovir

232 1172 389 1242 competat.
403 1167 512 1225 Cetera
527 1167 653 1238 deniqne
668 1186 726 1223 nnn
742 1173 848 1224 sonant
863 1167 936 1240 (66);
953 1184 1021 1224 nani
1032 1173 1061 1224 et
1115 1183 1167 1223 neo
1183 1165 1296 1222 velandi
1313 1165 1369 1238 (71)
1383 1183 1390 1235 ;
1416 1165 1538 1238 proinde
1561 1165 1640 1221 enim
1663 1167 1752 1222 omnia
1772 1167 1813 1221 vir
1829 1164 1916 1238 (ibid),

231 1257 376 1331 16661666,
393 1258 469 1330 qnod
493 1257 621 1328 virgines
638 1273 695 1312 666
712 1256 884 1320 nominavit,
905 1256 982 1312 siout
1004 1256 1060 1312 alio
1115 1255 1220 1328 inquit.
1237 1255 1319 1310 Sient
1334 1271 1403 1327 ergo
1428 1257 1458 1311 in
1482 1255 1646 1311 masculino
1661 1271 1732 1311 sexu
1746 1255 1799 1310 sub
1812 1253 1915 1311 616166-

231 1347 262 1404 in
278 1347 341 1404 loeo
368 1347 436 1418 (67),
453 1347 502 1402 nbi
529 1347 564 1401 de
589 1347 726 1400 nubendo
752 1346 846 1412 docet,
863 1345 935 1400 satis
957 1347 1061 1416 prndi-
1115 1344 1194 1400 mine
1216 1344 1303 1400 etiam
1329 1343 1450 1400 investis
1465 1343 1554 1400 velari
1571 1347 1695 1414 vetatur,
1712 1342 1918 1398 1166116166ιί-

231 1439 279 1493 cat
293 1436 329 1491 dn
345 1436 424 1491 ornni
442 1433 575 1501 muliere,
593 1437 621 1488 et
636 1433 672 1489 dn
697 1437 756 1489 toto
782 1449 853 1488 sexu
869 1434 992 1504 dictum,
1010 1452 1061 1491 uso
1116 1435 1184 1490 nino
1200 1432 1256 1489 sub
1272 1432 1391 1489 nomine
1406 1431 1539 1489 mulieris
1554 1431 1642 1489 etiam
1657 1431 1736 1505 virgo
1751 1431 1835 1488 velari
1844 1432 1916 1503 jobe-

231 1524 405 1580 distinotum
428 1537 493 1579 esse
518 1524 595 1578 inter
618 1521 773 1600 virginem,
797 1523 918 1579 omnino
933 1539 991 1579 non
1008 1541 1060 1580 nn·
1116 1528 1174 1578 tur.
1190 1520 1350 1596 AEqnaliter
1362 1521 1392 1577 in
1403 1526 1527 1594 utroquo
1542 1539 1612 1579 sexn
1627 1521 1725 1579 minor
1738 1524 1805 1578 estas
1816 1521 1918 1592 majona

131 1597 134 1606 ¹
232 1613 325 1670 minat
346 1611 417 1686 (68).
438 1610 492 1676 Qui
515 1609 594 1666 enim
617 1609 684 1666 alibi
712 1610 892 1682 distinguere
918 1611 1060 1680 tueminit,
1116 1617 1255 1684 sequatur
1274 1609 1461 1684 disciplinam
1494 1615 1579 1667 :aut
1601 1609 1735 1666 velentur
1760 1616 1790 1666 et
1809 1609 1917 1682 virgines

234 1702 284 1758 obi
301 1699 413 1757 seilicet
438 1699 602 1756 differentis
624 1698 754 1771 postulat
776 1699 879 1755 1186
894 1699 1062 1774 (distinguit
1116 1700 1251 1770 maseuli,
1277 1699 1302 1755 si
1328 1717 1385 1756 nnn
1409 1699 1543 1756 velantur
1557 1705 1586 1755 et
1604 1699 1733 1772 virgines
1747 1697 1917 1770 lemine,qui
2018 1703 2019 1708 ’

234 1795 332 1847 nutem
344 1794 501 1859 utramque
511 1788 640 1860 speciem
658 1788 719 1844 suis
729 1787 879 1845 vocabulis
891 1787 1062 1861 designans)
1116 1807 1169 1846 neo
1185 1791 1232 1845 isti
1249 1787 1421 1846 nominatim
1447 1793 1592 1846 tenentur.
1614 1789 1704 1844 Aliud
1729 1787 1764 1843 sit
1787 1788 1828 1843 vir
1846 1787 1917 1842 etin·

234 1878 286 1935 nbi
302 1895 360 1934 non
376 1877 542 1949 distinguit,
558 1878 629 1933 dum
655 1882 811 1949 utrumqne
835 1893 891 1933 nnn
917 1878 1060 1944 nominat,
1114 1878 1215 1948 vestis,
1236 1875 1260 1935 si
1276 1876 1357 1934 aliud
1372 1882 1417 1934 est
1432 1875 1538 1934 mulier
1553 1880 1581 1933 et
1599 1877 1690 1950 virgo.
1708 1877 1815 1950 Nempe
1827 1879 1919 1949 propter

234 1967 346 2024 nullam
358 1965 420 2022 vult
432 1965 626 2022 differentiam
639 1965 774 2038 intelligi.
785 1966 859 2032 Quid
873 1967 951 2039 quod
963 1967 1060 2023 [16666
1114 1965 1226 2037 angelos
1241 1966 1335 2038 (reid.)
1351 1965 1392 2022 ait
1404 1965 1495 2022 velari
1510 1973 1652 2038 oportere,
1669 1965 1748 2038 qood
1763 1963 1851 2036 angeli
1866 1981 1918 2036 pro·

233 2071 379 2124 sermone,
390 2071 449 2127 qun
466 2053 579 2110 litteras
593 2053 749 2126 Apostolus
766 2055 843 2120 lecit,
855 2053 922 2111 usui
938 2059 983 2110 est
999 2072 1060 2111 rnn-
1115 2059 1178 2128 pter
1202 2055 1277 2111 silias
1301 2054 1455 2110 hominurn
1470 2054 1656 2110 desciverunt
1670 2071 1688 2109 a
1703 2053 1771 2109 Deo.
1786 2052 1850 2118 Quis
1862 2067 1917 2125 ergo

232 2145 321 2202 liores
342 2160 443 2200 vocare
474 2149 534 2198 tam
560 2144 682 2199 leoninas
708 2145 773 2214 (69),
798 2145 826 2199 id
856 2148 1059 2217 661γυναῖνας,
1114 2144 1281 2214 contendat,
1301 2142 1380 2200 solas
1407 2141 1556 2213 mulieres,
1570 2142 1671 2199 1187
1704 2142 1733 2197 id
1761 2145 1804 2198 est
1829 2147 1918 2211 nuptas
2018 2205 2019 2220 χ

233 2251 322 2307 quom
339 2229 463 2302 θηλείας.
479 2233 572 2304 lgitnr
590 2232 614 2288 si
630 2249 681 2304 pro
698 2249 785 2288 sexus
801 2233 919 2291 nomine
933 2234 1059 2290 vocabu·
1110 2235 1173 2306 jana
1199 2236 1227 2289 et
1247 2231 1410 2306 virginitati
1432 2232 1586 2288 deiunctae
1610 2229 1848 2304 concupiscentis
1863 2228 1918 2300 (72),
2018 2245 2019 2250 ¹

943 2342 1045 2404 Variae
1065 2341 1223 2404 lectiones.

268 2429 290 2464 ⁸⁸
305 2425 496 2484 Divinitatum
511 2427 611 2482 Murci.
626 2426 708 2484 natio
721 2442 813 2484 sensu.

960 2510 1221 2572 Commentarius.

235 2615 338 2672 Deus:
361 2612 447 2680 Αὐτὴ,
473 2613 613 2684 inquiunt
636 2615 707 2670 161111
733 2617 794 2671 lnte
817 2619 903 2685 retes,
923 2612 1061 2686 κληθήσε·
1153 2617 1199 2688 (66
1226 2616 1315 2685 Quom
1333 2617 1461 2687 feminco.
1481 2614 1512 2672 ld
1529 2618 1574 2671 est
1588 2614 1687 2686 potius
1702 2631 1791 2686 quani
1807 2612 1920 2669 laminae.

235 2705 279 2740 ται
294 2684 373 2761 γυνὴ,
397 2683 438 2738 dri
455 2682 484 2738 ἐκ
499 2687 547 2737 τοῦ
562 2681 659 2760 ἀνδρὸς
678 2683 762 2754 αὐτῆς
787 2631 905 2764 116666).
921 2689 1036 2745 Scilicet
1053 2705 1059 2745 :
1116 2617 1300 2760 6616168666
1316 2687 1345 2742 in
1361 2687 1480 2742 Hebron
1496 2703 1631 2742 sermone
1646 2687 1764 2742 dicendi
1778 2685 1922 2750 1666661661

236 2757 297 2830 lpse
318 2757 461 2814 vocabitur
484 2759 594 2824 molier,
611 2759 678 2828 quic
692 2757 725 2814 de
739 2761 798 2814 niro
817 2775 866 2815 suo
884 2765 1061 2830 6666616661,
1117 2759 1186 2817 aliis
1201 2761 1229 2814 in
1246 2759 1320 2814 locis
1335 2757 1543 2815 aTertulliann
1558 2763 1712 2831 usurpata.
1727 2754 1921 2814 binnan-Vi·

121 2845 126 2862 ‘
237 2837 268 2885 nt
282 2827 352 2885 olibi
367 2828 519 2902 aptissime
534 2828 743 2900 interpretatur
758 2829 835 2886 idem
852 2830 1060 2899 Tertullianus,
1118 2833 1202 2886 detur
1217 2829 1259 2886 vir
1274 2829 1464 2886 doctissimus
1481 2830 1524 2886 vel
1541 2829 1658 2902 legisse,
1673 2829 1719 2885 vel
1735 2825 1922 2902 legerevnlois·

236 2899 400 2957 versionem
429 2902 482 2952 τῶν
513 2899 576 2955 LXX
595 2903 724 2956 secutus.
741 2901 998 2974 vulgatusoutom
1016 2906 1061 2959 in·
1117 2918 1256 2975 se,poum
1280 2918 1332 2975 pro
1353 2912 1420 2957 tnm.
1449 2901 1530 2957 Certe
1555 2903 1584 2957 in
1609 2901 1801 2974 scriptoribus
1823 2899 1922 2968 666616,

235 2977 347 3045 terprss
364 2972 453 3027 babet
477 2971 568 3039 :Quae
594 2973 738 3028 accubitor
754 2976 857 3043 oiraqo,
876 2977 1008 3057 quoniam
1031 2975 1064 3030 de
1117 2989 1277 3044 eorumque
1303 2973 1514 3042 imitatoribus,
1535 2973 1664 3045 plurima
1692 2973 1823 3044 exempla
1848 2971 1922 3042 liujus

162 3043 169 3064 *
234 3047 297 3101 ciro
311 3052 420 3170 oumspto
434 3045 482 3099 eat.
494 3047 587 3114 Supra
601 3044 690 3098 ctiam
707 3045 817 3100 dixerat
833 3047 950 3101 divinus
965 3047 1063 3120 Scrip·
1117 3044 1258 3102 idiotismi
1275 3049 1402 3102 exstant.

380 3133 388 3170 i

236 3121 282 3172 tor
297 3133 304 3172 ε
321 3118 360 3172 AE
390 3116 484 3186 iconii
507 3115 638 3170 Dominus
652 3116 721 3172 11666
735 3126 847 3181 cortem,
864 3133 946 3188 quom
961 3119 1064 3176 tulerat
1153 3118 1198 3186 (76
1226 3117 1300 3186 bego
1313 3118 1480 3173 continetur.
1499 3119 1610 3171 Rouru.

236 3187 271 3243 de
285 3187 381 3257 Adam,
395 3189 424 3242 in
441 3185 596 3254 mulierem,
619 3184 657 3246 al<
681 3191 804 3261 γυναῖκα.
819 3187 979 3261 Utrobique
994 3190 1063 3258 1166,
1154 3187 1195 3259 (71
1230 3187 1382 3244 81661666
1408 3189 1461 3250 vir.
1494 3203 1543 3243 neo
1572 3185 1694 3243 velandi.
1731 3182 1876 3258 Apostolus
1899 3181 1923 3235 in

238 3275 408 3332 quanquam
422 3257 1063 3334 66166661636666666666666666661666),
1120 3256 1239 3315 laudata
1262 3259 1391 3330 Epistula
1416 3263 1425 3312 l
1451 3259 1486 3314 nd
1511 3259 1575 3314 Cur.
1599 3275 1664 3330 cap.
1690 3275 1730 3328 xi,
1747 3274 1776 3311 n.
1793 3257 1828 3311 l:
1846 3255 1923 3311 dmob
2018 3325 2019 3328 Ἴ

237 3331 338 3386 molier
353 3329 527 3402 appellatur.
555 3329 646 3401 igitur
661 3346 712 3400 per
732 3332 786 3387 hoo
809 3330 982 3388 vocabulum
1006 3350 1062 3389 non
1091 3379 1100 3404 ,
1119 3331 1226 3401 inquit:
1240 3332 1284 3385 vir
1297 3347 1379 3386 orons
1393 3333 1442 3386 cut
1455 3329 1621 3402 proplietam
1635 3329 1724 3385 veluto
1739 3326 1924 3400 6666666166-
2018 3329 2019 3344 ¹

239 3403 348 3476 gradus
364 3417 462 3466 sexus,
479 3415 530 3454 sou
547 3405 706 3473 nuptorum
723 3407 792 3459 ordo
808 3403 1000 3474 significatur,
1013 3405 1062 3460 nod
1080 3381 1101 3445 (Δ
1122 3409 1171 3469 pat
1183 3405 1267 3473 eaput
1280 3419 1370 3458 suom.
1393 3401 1470 3458 lnira
1492 3418 1559 3458 vero
1588 3401 1692 3457 addit:
1709 3400 1755 3458 Vir
1767 3399 1869 3482 quidem
1881 3411 1925 3479 ooo

240 3471 414 3548 generalitor
438 3472 583 3527 femineus
603 3489 690 3527 sexos
708 3489 715 3526 ι
732 3475 907 3546 atqueodeo
929 3476 1068 3531 1666616-
1124 3475 1205 3530 debet
1232 3474 1322 3530 uetare
1348 3482 1431 3543 nepot
1459 3489 1549 3528 ocum.
1575 3473 1686 3528 Cuinun
1712 3489 1748 3527 ne
1771 3471 1924 3542 igitururo,

241 3547 336 3620 giras,
350 3549 415 3601 tnm
431 3547 529 3614 nuptas
545 3545 580 3597 ab
595 3543 733 3615 Apostolo
745 3547 890 3616 jubentur
904 3545 1066 3603 661666116-
1125 3545 1243 3616 quando
1258 3549 1332 3614 orat,
1349 3549 1434 3616 turpe
1452 3559 1517 3601 esee
1533 3542 1622 3600 velari
1640 3543 1682 3598 ait
1721 3542 1818 3608 aolus,
1837 3547 1925 3622 ⁰².⁰l’¹'

244 3633 307 3673 aar.
1122 3631 1186 3672 cem
1200 3617 1292 3672 virum
1308 3615 1475 3681 nominans,
1490 3631 1594 3672 omnes
1608 3617 1811 3687 cujuscunque
1822 3611 1925 3672 ordinis,

280 3685 336 3756 (61)
352 3683 496 3738 Mulierem
519 3689 546 3736 rt
565 3684 697 3753 seminam
721 3688 936 3754 cognominavit.
961 3691 1021 3744 Hoc
1037 3689 1069 3744 lii
1124 3691 1218 3744 etatis
1232 3693 1260 3744 et
1272 3687 1448 3743 conditionis
1465 3687 1609 3744 masculos
1624 3684 1770 3754 intelligit.
1787 3686 1871 3758 lgitur
1882 3680 1925 3737 sub

243 3757 274 3814 lo
290 3752 579 3826 interpretationibus
602 3754 757 3826 Scriptorae
773 3774 861 3814 66666
879 3758 1069 3824 1611616066
1124 3755 1923 3828 66616666ηηὶ666611661616661666666666666661631666,

244 3843 312 3886 vero
328 3825 374 3882 bis
387 3826 775 3954 subjunguntordemioam,
786 3846 840 3903 pou
862 3846 944 3886 sectis
955 3847 1069 3899 periero-
1122 3836 1187 3888 tum
1203 3837 1309 3904 nuptus
1324 3847 1357 3886 ac
1373 3829 1476 3887 viduas
1491 3829 1707 3901 complectitur.
1723 3824 1926 3896 6616666666
2018 3875 2019 3890 ,

245 3901 318 3966 tlter,
333 3897 552 3978 mulieremque
565 3913 615 3969 qrn
634 3914 667 3954 co
680 3916 763 3956 66666
776 3902 944 3973 specialiter,
959 3920 993 3959 eo
1007 3913 1069 3958 ton·
1123 3902 1184 3959 bano
1200 3906 1287 3958 verba
1302 3903 1362 3959 sint
1386 3902 1416 3958 in
1432 3903 1530 3958 ondioe
1545 3907 1645 3958 nostro
1660 3901 1772 3971 vitiata,
1788 3914 1865 3955 nemo
1883 3897 1925 3951 do·

244 3987 334 4046 quam
346 3969 500 4044 glossatori
512 3968 629 4024 cuidam
639 3971 836 4038 debitn,nnois
847 3973 954 4030 inclusi
965 3993 973 4029 ε
984 3975 1069 4047 quip·
1122 3974 1235 4031 bitsbit.
1254 3975 1387 4030 Fortasse
1412 3973 1527 4030 restitui
1552 3979 1699 4044 poterunt.
1717 3977 1769 4028 aut
1790 3969 1886 4028 saltem
1897 3965 1926 4020 iis

241 4062 277 4118 pe
293 4059 359 4100 onm
376 4041 462 4114 plane
477 4041 623 4098 contraria
643 4043 703 4098 sint
727 4044 783 4115 ipsi
811 4045 990 4102 Tertulliano
1007 4052 1065 4102 sta·
1121 4045 1171 4101 lux
1196 4046 1296 4117 aliqua
1319 4045 1479 4116 aliulgebit,
1500 4044 1524 4100 si
1549 4046 1627 4116 quod
1653 4043 1703 4100 ille
1726 4045 1756 4100 in
1780 4043 1829 4098 lib.
1844 4037 1925 4095 deuel.
2018 4091 2019 4116 ξ

240 4116 346 4184 tuenti,
361 4114 507 4168 mulierem
534 4129 622 4170 sexus
647 4131 712 4171 esse
735 4132 853 4184 nornen,
869 4134 926 4174 non
942 4119 1066 4190 gradum
1125 4119 1228 4188 l'irpira
1244 4135 1308 4190 esp.
1325 4120 1351 4184 8,
1377 4117 1472 4183 refert,
1490 4132 1542 4173 nos
1557 4132 1672 4189 quoque
1686 4115 1852 4172 referamos.
1867 4111 1922 4193 lpo-
2018 4155 2019 4170 i

240 4205 338 4246 sexus.
355 4185 467 4240 110666-
1120 4190 1207 4245 stolas
1232 4204 1239 4244 :
1262 4211 1276 4239 ιι
1293 4188 1394 4254 omnin,
1417 4188 1506 4259 inquit
1531 4189 1639 4244 nictier.
1665 4187 1740 4253 Ouid
1759 4192 1803 4242 est
1819 4177 1924 4240 nonnisi

274 4258 331 4332 (65)
346 4257 385 4312 lto
404 4273 439 4311 ue
455 4257 511 4322 inm
534 4262 599 4309 tuce
623 4255 739 4337 innupto
754 4256 843 4314 66666
865 4259 922 4315 dua
938 4261 1065 4316 mulieris
1121 4252 1924 4326 616166661666666166666166661616,6666166666166·
1966 4281 1969 4289 1
2018 4269 2019 4272 ¹

239 4328 369 4387 66666616
381 4272 446 4398 Vicit.
468 4325 601 4382 Fortasse
617 4328 805 4383 scribendum
822 4346 828 4384 :
848 4329 890 4384 lta
914 4329 984 4404 quia
1003 4331 1065 4403 jum
1120 4329 1670 4404 616666166136116116666616616661
1683 4329 1921 4403 Siquidemnmoe‚

236 4408 306 4458 inne
328 4403 448 4470 innupto
460 4397 550 4478 adbuc
566 4400 624 4453 Eoo
639 4399 694 4453 snb
711 4400 838 4456 irretiaris
855 4403 984 4458 uocabulo
997 4405 1063 4474 suit.
1119 4409 1212 4460 totum
1228 4409 1284 4469 est,
1299 4409 1328 4458 et
1344 4403 1501 4475 integrum,
1521 4405 1551 4458 et
1572 4400 1656 4459 nulla
1679 4401 1728 4457 sui
1750 4405 1828 4474 parte
1845 4396 1924 4453 deleo·

237 4473 331 4529 Habes
346 4472 432 4540 inira,
448 4469 496 4526 sub
510 4469 564 4524 oiri
577 4471 699 4537 nomine,
717 4477 755 4537 et,
771 4471 821 4526 iob
836 4474 949 4529 nomine
962 4475 1062 4530 66116-
1117 4479 1192 4531 turn.
1209 4474 1278 4530 Pars
1294 4477 1390 4530 autem
1409 4473 1540 4529 mulieris
1552 4482 1581 4530 et
1595 4473 1675 4544 virgo
1689 4477 1746 4530 nst.
1762 4473 1848 4543 AEque
1860 4471 1884 4523 et
1896 4465 1925 4546 de

236 4545 442 4601 riecaeternnr
470 4541 547 4595 idom
572 4540 954 4600 adduoituraTertulliann
977 4562 1063 4618 argu·
1116 4547 1179 4603 viro
1209 4563 1265 4601 rron
1290 4545 1413 4601 velando
1443 4545 1550 4609 omnis,
1579 4543 1685 4615 inquit.
1716 4549 1786 4600 Ecce
1810 4541 1862 4597 duo
1891 4537 1925 4591 dt·

238 4621 371 4671 mentum
387 4615 416 4669 in
432 4612 506 4668 libro
520 4612 553 4666 de
570 4613 726 4680 Virginibus
737 4613 872 4671 velandis.
890 4632 953 4688 nep.
970 4617 996 4672 5.
1117 4634 1198 4674 66666
1216 4618 1344 4687 nornine,
1361 4617 1449 4672 viret
1465 4614 1579 4672 mulier.
1605 4614 1709 4672 Omnis
1729 4620 1857 4685 uterque.
1871 4611 1924 4688 1116

274 4687 331 4756 (66)
345 4687 400 4742 Non
414 4691 521 4740 sonant.
539 4683 655 4754 Corrige
670 4697 830 4741 consonant.
1116 4691 1196 4774 leges
1211 4689 1341 4745 obnoxie
1357 4687 1480 4744 invicem
1498 4687 1565 4744 binc
1587 4687 1702 4743 velandi
1718 4687 1787 4743 inde
1801 4679 1922 4740 nudandi.

275 4759 331 4830 (67)
347 4757 391 4812 Sic
404 4757 460 4810 (ilio
475 4757 503 4838 iri
521 4757 577 4838 toro
593 4754 730 4838 llamdern
748 4757 767 4811 E
792 4757 905 4813 isiulnm
923 4759 932 4813 1
947 4758 982 4814 ud
999 4765 1062 4814 Cor.
1079 4751 1101 4816 D
1118 4767 1210 4833 Igitur
1225 4761 1250 4816 si
1267 4760 1393 4846 eoquod
1410 4760 1521 4815 dictum
1542 4757 1581 4814 sit
1606 4757 1704 4815 omnis
1717 4757 1771 4828 vir,
1787 4765 1924 4812 commone

239 4845 303 4901 cop.
319 4845 369 4885 vir.
385 4844 413 4883 n.
430 4829 474 4894 36,
492 4831 598 4884 66666.
625 4826 675 4881 nbi
703 4831 742 4882 ita
770 4776 901 4900 fsquitor
929 4828 1061 4888 Paulus:
1118 4839 1163 4890 est
1179 4849 1284 4888 nomen
1306 4831 1359 4888 viri
1376 4831 1465 4888 etiarn
1488 4831 1617 4886 nondum
1642 4829 1708 4896 viri,
1726 4827 1846 4886 maseuli
1858 4825 1924 4880 inve·

241 4900 340 4956 liulier
358 4902 490 4970 innupto,
506 4907 532 4952 et
548 4900 633 4966 sirpo,
656 4901 757 4970 sopitat
779 4916 842 4971 quoe
865 4901 974 4957 Domini
987 4910 1062 4966 osci,
1118 4904 1170 4961 slis
1187 4922 1193 4959 :
1210 4919 1367 4959 commune
1393 4908 1491 4958 antem
1515 4917 1583 4957 oum
1604 4901 1643 4957 sit
1658 4916 1763 4957 nomen
1781 4895 1924 4956 secundnm
2018 4911 2019 4916 ¹

237 4981 268 5030 ut
281 4974 319 5028 sit
338 4974 432 5027 sancta
455 4985 568 5040 corpore
591 4973 616 5024 et
630 4973 740 5042 spirito.
756 4975 823 5041 Quae
842 4988 901 5028 ner-o
916 4982 1000 5045 raupta
1012 4983 1062 5040 est,
1117 4983 1263 5040 naturam,
1289 4975 1454 5030 communis
1469 4977 1513 5029 est
1536 4979 1565 5028 et
1587 4971 1641 5028 166
1659 4989 1716 5028 666
1740 4969 1851 5028 velandi
1872 4967 1924 5038 eju·
2018 5027 2019 5034 ,

237 5047 338 5112 copirot
369 5058 411 5096 use
435 5041 498 5096 sant
522 5041 629 5110 mundi,
653 5044 783 5114 quoinodo
804 5043 915 5116 placeat
940 5048 1007 5101 uiro.
1033 5045 1061 5099 Si
1116 5048 1167 5120 qui
1184 5050 1259 5104 inter
1274 5047 1351 5102 viros
1373 5045 1454 5116 virgo
1469 5047 1524 5111 est,
1542 5065 1556 5094 6
1572 5051 1627 5100 eto.
1644 5044 1757 5102 llunar.
1773 5041 1924 5109 -Propler

237 5061 554 5183 inquitiertnllianns,
573 5112 714 5196 innuptas
734 5117 866 5188 anuptis
882 5114 1063 5188 distinguere
1115 5119 1203 5176 verba
1226 5117 1380 5188 sequentia
1401 5116 1557 5188 legendum
1581 5115 1789 5184 videtur,oicot
1809 5125 1856 5169 ricc
1877 5108 1923 5174 oir,

235 5186 377 5241 voluisset
405 5183 572 5256 Apostolus,
592 5183 681 5240 volari
712 5186 849 5242 mulieres
875 5187 1062 5258 jubereris
1116 5187 1605 5252 666166666666166666.110666.
1903 5245 1909 5256 ,

235 5256 335 5329 aliquo
350 5256 534 5311 distinxisset
549 5256 700 5326 vocabulo,
717 5259 967 5328 quomadmodum
983 5259 1061 5324 iecit,
1153 5263 1207 5334 (72)
1221 5263 1254 5316 Et
1276 5260 1434 5329 virginitati
1460 5260 1608 5331 defunctos
1630 5254 1866 5324 eoncupiscentia.
1881 5245 1922 5326 ΗΙ(

234 5329 284 5385 661
301 5345 399 5385 revera
420 5327 486 5383 illos
502 5327 682 5397 distinguere
698 5328 798 5384 voluit.
819 5336 946 5402 Apparet
962 5330 1061 5404 igitur,
1116 5333 1189 5388 mihi
1202 5332 1321 5387 verbum
1333 5331 1451 5402 aliquod
1465 5328 1626 5386 desiderari
1637 5329 1760 5390 videtur,
1774 5317 1923 5396 cujusmodi

235 5407 295 5457 tum
312 5406 429 5474 nuptas,
445 5403 507 5453 tom
526 5400 665 5470 innuptas
681 5415 739 5454 666
754 5401 893 5469 metieris,
909 5419 960 5460 sen
974 5421 1064 5478 γυναι·
1115 5421 1181 5462 6666
1194 5405 1271 5472 iones
1285 5404 1416 5468 accitare,
1433 5406 1484 5459 ant
1498 5401 1567 5472 quid
1585 5399 1692 5465 simile,
1708 5398 1791 5455 nteit
1806 5402 1919 5452 sensns:

234 5472 283 5534 κὸς
300 5473 418 5530 nomine
432 5469 523 5524 luisse
539 5469 777 5540 comprehensus,
794 5473 911 5544 quando
927 5491 975 5531 cas
991 5475 1063 5530 Pau·
1115 5475 1178 5532 Non
1195 5481 1291 5546 nupta
1306 5478 1421 5529 tantum
1442 5491 1475 5530 an
1496 5473 1663 5546 virginitate
1678 5473 1808 5527 carentes
1822 5460 1921 5534 angelo·

235 5543 282 5599 166
310 5543 491 5613 distinguere
517 5539 619 5596 noluit.
638 5541 747 5598 Eadem
775 5545 885 5601 ratione
907 5547 1063 5617 respondet
1116 5563 1182 5603 rum
1200 5545 1411 5616 bominumque
1422 5543 1687 5618 concupiscentiam
1702 5539 1852 5599 accendere
1865 5547 1920 5606 pot·

234 5616 313 5670 idem
337 5611 537 5670 Tertullianus
561 5610 591 5666 ln
615 5610 667 5666 lib·
691 5611 723 5668 de
742 5614 794 5670 vel.
814 5617 930 5688 Virgin„
947 5634 1013 5691 cap.
1033 5619 1060 5674 5.
1116 5617 1210 5675 snnt‘l
1225 5633 1319 5689 neque
1335 5616 1499 5690 virginibus
1512 5617 1581 5674 licet
1596 5613 1829 5690 lormapcorpurls
1841 5601 1920 5683 exeo!-

236 5685 350 5744 ldum·
505 5754 510 5766 ,
1116 5689 1185 5756 lere,
1211 5689 1328 5761 sibique
1355 5691 1501 5747 amatores
1527 5685 1685 5745 invenire?
1704 5673 1920 5762 unmrq-‚bt

272 5755 330 5834 (⁶⁸)
347 5755 418 5830 L⁸s0
432 5759 614 5811 6066661611·
631 5754 741 5812 fllium·
1116 5760 1282 5837 lineatoris,
1299 5759 1348 5818 hic
1359 5760 1418 5820 sibi
1428 5761 1549 5820 verbum
1559 5757 1678 5836 aliquod
1691 5755 1842 5818 desiderari
1850 5746 1919 5808 orde·

61 6067 265 6138 14
