4068 6186
198 331 257 393 ccl
460 327 722 390 scarcellam
744 329 907 392 crescii
930 329 1030 390 PARS
1052 329 1129 393 1.-
1149 329 1287 393 struitis
1307 330 1333 405 l,
1356 329 1640 392 Archedemus.
1842 330 1902 391 652

198 460 286 528 coiit,
300 473 369 518 cum
381 457 502 531 incedit,
514 459 658 531 picturam
672 458 702 514 iu
725 476 779 517 nos
795 461 949 534 proposuit
964 461 1020 517 sub
1036 460 1252 534 Asanguiuem
1264 459 1370 519 elicitis
1384 460 1399 518 i
1413 475 1519 535 parum
1528 459 1641 518 tutante
1655 459 1821 529 vescimini,
1832 461 1903 534 quia

198 551 257 608 ista
284 545 496 622 proscriptione
516 563 523 602 :
554 546 760 604 ΟΝΟΚΟΙἹἮΖ
774 549 806 605 11.
823 553 852 606 ls
880 566 927 607 ers
942 548 1022 608 auri·
1078 549 1222 607 infantem
1238 553 1332 607 totum
1349 565 1536 625 precequum
1552 549 1755 623 perhauritis?
1776 549 1902 608 Ventum

198 640 255 696 bus
270 637 477 706 canteriorum,
492 641 521 693 et
535 636 651 708 iutoga,
661 653 730 693 cnm
743 636 829 706 libro,
845 637 934 695 altero
950 639 1023 710 pede
1078 642 1123 695 est
1139 637 1175 696 nd
1190 639 1292 697 horam
1309 639 1495 698 lucernarum
1511 638 1691 696 ciconinum
1704 639 1903 697 ministerium

198 725 350 802 ungulato.
375 723 550 782 idtcredidit
579 725 686 799 vulgus
710 727 820 798 judaeo.
834 729 915 795 Quod
944 727 1022 784 euim
1078 732 1107 784 et
1119 728 1237 802 ingenia
1250 730 1449 787 tenebrarum.
1466 729 1528 794 Ouo
1543 728 1573 786 in
1588 727 1653 786 loco
1668 733 1767 786 metuo
1791 745 1829 786 ne
1856 745 1905 787 oe·

197 817 278 875 aliud
294 831 388 890 genus
402 813 596 872 seminarium
612 819 658 872 ecl
671 815 799 872 intumis
815 820 922 872 nostra
937 815 951 872 ‘i
966 815 1022 872 lta-
1079 817 1158 873 dam.
1176 817 1249 882 Ouid
1266 818 1344 875 enim
1360 817 1419 874 tale
1434 819 1464 875 ln
1491 819 1573 876 vobis
1601 817 1764 876 detinebo?
1793 817 1903 875 Verum

197 921 254 980 que
279 906 310 961 in
336 903 398 961 tola
425 903 541 960 civitate
565 902 1023 976 duosoqurprmdicatur.Sedet
1074 905 1136 978 lam
1166 905 1285 964 laudate
1314 905 1469 964 consilium
1497 905 1601 964 incesti
1628 907 1796 975 verecundi,
1822 905 1904 979 quod

198 999 252 1054 boc
267 999 389 1066 tamque
400 996 552 1050 externum
569 1001 595 1050 ct
607 993 781 1050 auctoritate
806 994 946 1068 temporis
970 994 1023 1050 do·
1078 993 1243 1052 adulteram
1260 999 1376 1053 noctem
1392 997 1550 1052 commenti
1572 1011 1690 1064 sumus,
1719 1012 1756 1052 ne
1784 999 1836 1053 snt
1857 995 1905 1052 ln-

198 1079 1024 1154 stitutumeiqunlitateauctorisiussrmum,libentercx·
1076 1099 1151 1152 cern,
1168 1088 1219 1141 aut
1245 1100 1344 1140 veram
1372 1089 1487 1142 noctem
1513 1084 1792 1142 contaminaremus.
1821 1083 1900 1143 581

198 1175 306 1248 cipiam
332 1170 429 1228 studio
454 1172 654 1243 retorquendi.
682 1171 844 1228 Videamus
866 1171 959 1246 igitur
985 1189 1021 1229 an
1077 1172 1265 1245 quodetiam
1291 1173 1455 1230 luminibus
1485 1173 1608 1232 terranis
1635 1174 1814 1246 parcendum
1842 1173 1906 1230 exi-

197 1263 246 1320 hio
275 1275 391 1336 quoque
419 1259 573 1316 nobiscum
607 1260 879 1333 deprehendamini.
922 1261 1023 1334 Neque
1078 1261 1274 1334 admovimus,
1304 1263 1382 1336 qnod
1416 1265 1550 1320 nostram
1592 1276 1709 1335 quoque
1748 1262 1906 1320 conscien-

196 1351 275 1410 enim
291 1353 413 1409 interest
428 1365 487 1422 qua
502 1349 605 1418 torma,
618 1349 689 1405 dum
705 1347 849 1405 deformia
863 1347 1024 1407 simulacra
1078 1349 1149 1406 tiam
1179 1347 1334 1409 ludimus:
1365 1351 1575 1423 quodcumque
1600 1349 1677 1407 enim
1707 1349 1845 1420 iacimus,
1878 1349 1907 1407 si

197 1457 336 1500 commus
349 1440 363 1496 i
377 1441 451 1495 Sunt
461 1453 551 1510 penes
566 1454 617 1494 vos
633 1438 737 1494 canino
763 1437 841 1497 58⁰
867 1439 964 1510 capite
993 1443 1023 1495 et
1077 1438 1224 1512 volumus,
1236 1439 1434 1512 suspicamur.
1448 1438 1588 1496 Caeterum
1604 1439 1822 1498 incestarestrs
1846 1455 1906 1514 pro

197 1529 315 1589 leonino
329 1533 359 1588 et
373 1529 409 1585 de
424 1528 495 1584 bove
510 1527 583 1583 etde
599 1526 688 1583 ariete
705 1526 823 1583 ethirco
839 1527 954 1584 cornuti
969 1527 1020 1598 dii,
1076 1546 1131 1585 sun
1157 1526 1291 1585 libertato
1317 1535 1345 1586 et
1373 1529 1438 1586 luco
1464 1528 1544 1586 omni
1571 1533 1601 1585 at
1627 1533 1712 1586 nocte
1750 1528 1830 1586 omui
1874 1533 1908 1584 et

196 1620 342 1695 caprigucs
370 1615 416 1674 vel
443 1613 564 1689 anguini
608 1619 638 1672 et
671 1613 757 1672 alites
787 1615 896 1688 planta,
926 1617 1022 1673 lrcnte
1075 1616 1215 1674 totanccli
1240 1617 1421 1675 conscientia
1445 1617 1594 1686 irnuntur,
1619 1617 1756 1691 quodque
1784 1614 1907 1674 felicius

195 1713 226 1768 et
238 1713 320 1782 tergo
332 1708 399 1783 (le).
416 1705 490 1773 Quid
506 1704 604 1777 itaquo
624 1707 760 1761 nostrum
777 1705 899 1761 unicum
928 1706 1021 1762 deno·
1076 1705 1430 1780 proveniat,cumpalam
1446 1705 1719 1763 misceatisiucesla
1738 1709 1799 1762 toto
1828 1721 1906 1762 con·

194 1797 286 1856 tatia?
1076 1794 1136 1852 scio
1153 1794 1234 1868 coelo,
1251 1795 1306 1853 soli
1321 1797 1377 1868 ipsi
1392 1795 1554 1868 ignoratis;
1570 1811 1623 1852 nos
1646 1810 1714 1852 vero
1741 1794 1832 1850 etiam
1871 1794 1904 1852 in

231 1888 275 1945 15.
291 1884 394 1941 Plures
409 1881 553 1940 Onoooete
568 1897 658 1954 penes
673 1897 726 1939 ros
745 1881 1017 1955 deprehenduntur.
1074 1885 1204 1941 tenebris
1221 1883 1331 1941 scelera
1360 1887 1462 1940 nostra
1493 1899 1702 1958 recognoscere
1725 1898 1903 1956 possumus.

194 1974 347 2033 Siindeie
374 1971 554 2045 equalitate}
568 1969 782 2040 concurrimus,
813 1972 957 2045 sequitur,
986 1975 1020 2028 ut
1073 1973 1162 2031 Plane
1177 1973 1280 2045 Perse,
1297 1973 1409 2030 Ctesias
1424 1973 1497 2040 edit,
1508 1977 1567 2030 tam
1582 1972 1710 2030 scientes
1729 1988 1817 2044 quem
1839 1987 1905 2029 nou

194 2059 1019 2133 sacrissoiivalsacriquoqueinternecdiversitasnulla
1072 2064 1225 2122 horrentes
1241 2081 1308 2122 cum
1324 2065 1470 2122 matribus
1485 2065 1575 2122 libere
1589 2065 1676 2122 liunt.
1695 2063 1751 2121 Sed
1780 2071 1811 2122 et
1836 2068 1907 2122 lla.

195 2147 1018 2225 eit,utexaliaspaciecomparaticnissatiesatisfiatNoa
1073 2154 1208 2223 redonas,
1222 2152 1252 2209 id
1268 2152 1345 2226 quod
1359 2152 1565 2226 probaverunt,
1583 2152 1679 2227 palam
1693 2156 1737 2211 eet
1752 2151 1906 2221 lectitare,

194 2240 377 2301 infanticidio
388 2238 508 2297 litamus
522 2237 581 2295 eive
595 2237 853 2309 initiamusiVoa,
870 2239 895 2295 sl
911 2240 946 2296 de
957 2255 1017 2295 me·
1073 2241 1219 2316 siquidem
1245 2258 1313 2298 cum
1342 2241 1457 2315 primus
1485 2259 1604 2300 scenam
1632 2257 1735 2299 eorum
1768 2241 1908 2315 OEdipus

194 2331 290 2391 moria
303 2329 448 2395 abierunt,
464 2326 764 2401 quaeoaedebominis,
781 2345 905 2402 qunque
920 2329 1017 2386 inian-
1072 2331 1193 2389 intravit
1207 2331 1373 2388 trucidatus
1388 2330 1500 2398 oculos,
1516 2331 1577 2388 risu
1590 2347 1623 2388 ac
1650 2332 1748 2388 derisu
1776 2347 1907 2405 excepe-

193 2420 301 2479 ticidiis
311 2418 501 2493 transegisse,
511 2417 791 2490 recognoscetissuc
806 2419 908 2474 ordine
920 2435 927 2488 ;
940 2435 1017 2475 nuuc
1071 2424 1160 2488 runt;
1176 2420 1334 2492 {tragoedus
1362 2424 1568 2476 consternatus
1598 2423 1724 2476 retracta
1749 2435 1908 2492 persona:

194 2509 273 2569 enim
284 2507 449 2566 differimus
460 2505 608 2579 pleraque,
626 2522 662 2563 ne
677 2507 778 2563 endem
792 2505 1018 2563 videamurubi·
1071 2507 1222 2581 Nuuqoid,
1238 2509 1289 2581 ait,
1305 2507 1429 2578 domiui,
1445 2507 1582 2582 displicui
1605 2508 1713 2566 vobis?
1739 2509 1908 2582 responde·

194 2593 626 2674 queretrsctnre.lnterim,ut
648 2593 718 2665 dixi,
739 2593 1017 2667 exaliapartenon
1073 2601 1142 2655 runt
1163 2597 1350 2655 Macedones:
1380 2602 1442 2655 lmc
1471 2602 1503 2654 tu
1532 2597 1651 2671 quidem
1683 2597 1815 2671 pulchre.
1841 2599 1911 2654 Aut

194 2684 549 2760 deestadequatio.Na1n
565 2683 689 2740 stainos
709 2682 794 2740 aliter
820 2683 890 2757 (50),
917 2689 1016 2741 tamen
1072 2687 1198 2759 scriptor
1213 2686 1393 2744 vanissimus
1408 2685 1433 2744 si
1447 2686 1542 2758 fluxit,
1558 2689 1609 2743 sui
1624 2686 1752 2760 OEdipus
1779 2687 1910 2745 demen-

195 2796 254 2838 ncn
270 2775 355 2834 aliter
367 2791 420 2831 vos
435 2771 490 2846 (51)
506 2788 622 2846 quoquc
634 2771 813 2830 infanticidas
839 2773 891 2846 qui
920 2774 1017 2830 intan-
1071 2775 1206 2832 tissimus
1222 2775 1248 2832 si
1262 2775 1304 2832 ita
1319 2775 1403 2833 lecit:
1419 2779 1507 2848 atque
1519 2773 1622 2832 exinde
1632 2774 1741 2832 alteral
1757 2773 1907 2833 alterum.

194 2874 240 2926 tes
254 2865 348 2925 editos
362 2862 516 2922 cuecsuies
530 2861 646 2935 legibus
665 2861 782 2934 quidem
809 2861 1016 2935 prohibemini,
1072 2860 1175 2934 ἤλαυνε
1189 2853 1306 2921 dicebat
1320 2861 1359 2926 al<
1373 2862 1422 2934 τὴν
1440 2861 1545 2938 μητέρα
1558 2863 1591 2920 11.
1607 2863 1661 2920 Sed
1685 2880 1745 2920 nna
1766 2863 1823 2932 rel,
1843 2863 1910 2922 alia

196 2957 247 3017 ssd
263 2954 349 3014 nolle
364 2951 549 3034 megialeges
563 2955 625 3009 tam
635 2949 767 3024 impune,
777 2955 837 3008 tam
850 2953 1017 3010 securesub
1072 2969 1144 3026 gons
1155 2953 1298 3026 quantula
1312 2952 1429 3010 macula
1441 2951 1531 3010 totius
1544 2951 1625 3010 orbis
1636 2957 1648 3009 i
1659 2951 1718 3009 Nos
1736 2952 1817 3009 enim
1832 2969 1908 3010 om·

195 3045 328 3106 omnium
343 3040 530 3101 conscientie
544 3041 633 3097 unios
649 3058 671 3097 e
675 3079 729 3098 .....
745 3040 863 3098 tabellis
890 3039 1015 3098 eluduu-
1072 3040 1540 3110 neminiecimussolem,omnem
1547 3039 1708 3115 polluimus
1720 3043 1877 3100 Oceanum
1894 3043 1910 3098 i

193 3141 253 3196 tor.
269 3135 324 3192 Sed
340 3149 393 3190 acc
408 3148 442 3189 eo
470 3129 592 3201 distant,
621 3127 645 3186 ai
674 3144 726 3187 vos
753 3146 813 3187 non
842 3130 899 3187 ritu
929 3131 1016 3200 sacri,
1072 3131 1394 3204 Dateigituraliquom
1417 3129 1566 3187 nationem
1594 3136 1747 3188 vocantem
1775 3131 1813 3188 ab
1846 3133 1909 3204 eis,

194 3242 290 3300 nequo
304 3225 359 3281 deo
373 3219 493 3280 necatis.
510 3220 621 3291 Atquin
636 3217 666 3274 in
682 3219 737 3276 hcc
765 3220 909 3292 asperius,
938 3220 1016 3293 quod
1074 3237 1138 3293 quar
1153 3235 1237 3276 omne
1251 3219 1405 3276 hominum
1421 3213 1515 3293 genos
1529 3220 1565 3276 ad
1588 3219 1734 3278 incestum
1761 3219 1908 3277 trabunt.

195 3311 500 3390 trigoreetlameaot
529 3307 631 3365 bestiis
635 3349 714 3380 .......
728 3308 779 3376 tis,
809 3313 860 3364 cut
887 3307 1018 3382 longiore
1072 3308 1818 3383 Siquagenoconcubituipsoetretatisacsexus
1851 3327 1910 3367 ne·

195 3407 226 3462 in
241 3402 326 3478 aquis
341 3403 435 3458 morte
458 3397 640 3470 demergitis.
657 3399 691 3453 at
705 3400 734 3453 st
751 3396 775 3452 sl
788 3413 916 3470 quc......
933 3399 1019 3456 dissi·
1072 3399 1218 3470 cessitate,
1234 3413 1269 3454 uc
1281 3398 1404 3454 dixerim
1421 3397 1544 3455 libidine
1558 3402 1586 3455 et
1600 3397 1727 3466 luxuria,
1743 3400 1836 3467 caret,
1871 3416 1911 3457 ea

196 3493 297 3553 mitius
327 3505 417 3564 penes
430 3503 481 3545 vce
498 3487 540 3554 lit,
554 3503 588 3543 co
604 3485 740 3554 addicite,
769 3502 827 3559 quo
850 3491 947 3544 vestre
974 3489 1017 3562 pi·
1072 3485 1596 3560 eritquacurabittnceet03siqua
1617 3486 1653 3542 ab
1681 3485 1910 3546 humanacon·

195 3600 336 3662 gnoraex
341 3622 431 3640 ........
448 3582 513 3649 s,et
539 3576 733 3651 supplebitur.
759 3577 821 3634 lmo
848 3594 1016 3652 superacer·
1072 3576 1184 3634 ditione
1199 3575 1312 3650 privata
1326 3575 1453 3649 quadam
1470 3580 1575 3632 natura
1590 3577 1702 3632 remota
1716 3579 1769 3643 est,
1786 3579 1821 3630 ot
1854 3594 1911 3635 ne-

195 3675 313 3735 cabitur
325 3673 356 3729 in
368 3670 458 3744 lvobia
487 3667 629 3740 quidquid
634 3703 700 3724 ......
729 3667 840 3724 ratione
867 3668 1016 3726 deiecerit.
1072 3683 1129 3740 quc
1144 3666 1315 3740 ignorantie
1331 3681 1425 3737 neque
1439 3664 1530 3721 errori
1545 3679 1640 3737 neque
1653 3663 1735 3721 casui
1761 3665 1911 3737 opposita

195 3767 250 3824 Sed
263 3764 300 3822 de
319 3779 353 3822 ea
375 3755 536 3831 impietatis
564 3754 661 3812 hostia
676 3755 802 3813 dicimur
805 3797 859 3826 .....
876 3757 947 3814 dum
976 3759 1018 3816 ita
1073 3757 1121 3826 sit,
1136 3755 1240 3813 escrit
1254 3771 1317 3826 quc
1331 3754 1393 3811 sola
1419 3751 1593 3810 Christianis
1620 3752 1797 3826 respondere
1827 3770 1909 3810 con-

198 3847 458 3932 quoqueinvobis
484 3843 713 3920 recognoscitur,
744 3845 792 3902 ubi
822 3847 1018 3918 opportunius
1073 3844 1200 3904 stantius
1226 3843 1330 3916 possit.
1360 3842 1506 3916 Respicite
1532 3841 1624 3916 igitur
1645 3841 1793 3900 luxuriam
1821 3842 1914 3902 inter

198 3946 327 4022 positum
343 3943 398 4010 eat,
414 3954 472 3995 nou
487 3934 581 3992 multo
596 3933 779 3992 secernimur
792 3951 811 3991 s
824 3941 921 3994 vestra
934 3953 1018 3996 vora·
1072 3950 1186 3994 errores
1200 3937 1229 3990 et
1243 3937 1346 3990 ventos
1368 3931 1570 4003 fluctuantem,
1596 3931 1621 3987 si
1649 3931 1756 3988 desunt
1784 3934 1912 4005 populi,

196 4039 294 4109 citata,
308 4031 334 4090 si
349 4029 401 4087 illa
414 4025 564 4101 impudica
587 4027 642 4096 cst,
668 4032 768 4083 nostra
792 4040 859 4082 vero
880 4026 1016 4096 crudelis,
1072 4043 1148 4099 quos
1166 4022 1271 4080 adhoc
1287 4021 1405 4079 sceleris
1421 4019 1641 4078 incursentIatu
1657 4021 1730 4078 vada
1744 4023 1772 4078 et
1793 4037 1913 4096 aspera

194 4117 657 4200 conjungimursilortenatnra,
681 4130 738 4187 qus
767 4130 883 4188 semper
906 4116 1019 4174 sevitia
1072 4114 1195 4173 erroris.
1212 4111 1362 4187 Imprimis
1373 4127 1439 4167 cum
1456 4108 1583 4167 inianter
1596 4113 1710 4166 vestros
1723 4108 1828 4167 alione
1846 4115 1912 4170 mi·

192 4233 260 4277 oum
275 4206 463 4286 impudicitia
476 4205 646 4262 concordat.
1071 4203 1235 4261 sericordie
1252 4199 1399 4275 exponitis
1415 4204 1466 4257 aut
1477 4199 1507 4256 in
1523 4199 1711 4272 adoptionem
1722 4198 1913 4261 melioribus

228 4307 273 4364 16.
288 4304 462 4372 Quanquam
478 4293 548 4367 quid
577 4291 923 4366 minus,imoquldnon
954 4309 1016 4350 ern·
1071 4293 1253 4367 parentibus,
1270 4288 1488 4348 obliviscimini.
1505 4293 1616 4362 quauta
1641 4287 1912 4360 matorisincesti,

190 4387 526 4470 plicatacitis‘iparom
548 4381 659 4439 scilicet
686 4380 825 4438 humanis
853 4381 1016 4463 visceribus
1071 4380 1323 4451 subministratur,
1343 4381 1452 4451 quanta
1480 4377 1595 4435 occasio
1621 4377 1740 4435 casibus
1766 4381 1914 4449 aperitur

189 4481 323 4551 inhiatis,
339 4473 501 4552 quiavivos
518 4475 547 4528 et
563 4471 689 4543 puberes
717 4471 889 4529 devoratis?
910 4487 1015 4546 parum
1072 4470 1159 4527 Plane
1183 4470 1261 4530 582
1289 4485 1324 4525 ex
1346 4466 1446 4540 aliqua
1474 4466 1631 4539 disciplina
1658 4465 1821 4523 severiores
1851 4474 1914 4527 aut

186 4574 353 4632 1111111111
368 4561 542 4636 1118111111
557 4558 702 4628 immitit,
718 4560 858 4633 quoniam
884 4561 1016 4618 loturum
1033 4559 1151 4626 Docrto
1165 4562 1299 4634 respecto
1314 4555 1461 4629 eiusmodi
1474 4559 1631 4613 eventuum
1646 4572 1664 4613 a
1678 4553 1803 4612 libidine
1822 4559 1912 4616 tam.

912 4723 1014 4785 Variae
1028 4723 1189 4786 lectiones.

180 4877 241 5007 ⁸⁸scr
259 4868 437 5005 ,ςῖῑεῖηααὸη
451 4881 510 4924 usse
527 4863 718 4937 ὀνοκοίτηςεω
739 4867 818 4942 Apol.
846 4867 891 4924 le.
911 4873 1028 4939 cuperet
1041 4881 1053 4929 ‚·
1068 4865 1129 4937 lite.
1145 4869 1171 4921 ct
1194 4863 1244 4921 boc
1265 4865 1296 4920 ic
1322 4863 1342 4920 t.
1360 4871 1386 4919 ct
1411 4863 1443 4919 in
1465 4859 1605 4934 Apclcpet.
1630 4876 1667 4917 sc.
1699 4858 1910 4924 Onocboctas.

253 4986 262 5008 .
346 4959 388 5000 o.
425 4983 431 4998 .

240 4951 258 5021 t
300 4959 334 5020 90
362 4959 378 5016 a
903 5043 1165 5106 Commentarius.

213 5194 269 5269 (lc)
285 5193 369 5251 Aliter
383 5189 491 5263 plecte,
505 5187 599 5257 [route
625 5194 652 5242 et
681 5194 757 5254 serpo
783 5185 815 5240 1u
845 5183 1007 5257 exemplari
1060 5188 1105 5240 ter
1120 5200 1153 5240 ao
1169 5181 1347 5267 accendere
1368 5178 1506 5247 dicimur,
1517 5252 1522 5266 Ι
1535 5178 1667 5265 ceditis3
1696 5179 1908 5265 verumtatem

176 5267 284 5341 legitur
300 5282 307 5324 ι
328 5265 413 5321 Aliter
435 5262 522 5333 pleno
544 5258 672 5332 licetret
687 5265 728 5314 ter
746 5271 770 5313 o.
787 5257 926 5313 mendose
941 5272 948 5313 :
965 5255 1006 5314 lc·
1059 5255 1180 5314 ceditis.
1196 5256 1236 5312 Eo
1252 5255 1344 5330 igitur
1357 5253 1436 5326 quod
1452 5253 1575 5326 caeditis,
1584 5267 1667 5325 seque
1682 5257 1753 5310 cetra
1769 5249 1909 5310 anianu-

196 5341 305 5398 endum
321 5353 329 5394 ι
345 5337 457 5404 Plocio,
472 5333 565 5404 fronte
579 5338 606 5386 et
621 5331 705 5401 tergo.
754 5327 901 5384 ercurium
926 5328 1004 5384 euim
1059 5329 1141 5386 cide.
1156 5327 1238 5385 Ioum.

175 5355 322 5556 ieggqat.
341 5408 407 5465 Rro.
1094 5398 1150 5471 (51)
1166 5401 1335 5456 tamennon
1349 5396 1502 5454 clitarcos.
1517 5391 1696 5454 Infanticidii
1721 5391 1839 5450 crimen
1873 5401 1909 5454 et

286 5484 359 5539 Nom
372 5477 425 5535 clei
444 5488 498 5530 sor
519 5471 613 5526 aliter.
648 5469 707 5526 Nos
731 5470 919 5538 tulanticlde,
936 5483 1003 5527 com
1058 5478 1161 5529 cetera
1176 5470 1288 5542 flagitia
1303 5468 1333 5524 in
1349 5465 1480 5540 gondiles
1502 5470 1662 5539 retorquet,
1678 5464 1729 5538 qui
1744 5461 1908 5526 Christia-

173 5556 303 5611 inlantea
316 5551 351 5608 ad
383 5542 529 5606 sacriticia
551 5545 651 5598 nostra
667 5540 774 5599 cerdera
789 5542 936 5599 dicimur:
952 5558 1003 5599 vos
1057 5560 1111 5601 nos
1128 5559 1229 5600 earum
1245 5557 1343 5598 rerum
1355 5538 1544 5612 postulabant
1559 5554 1684 5612 quarum
1701 5540 1785 5593 erent
1799 5551 1905 5596 cona-

173 5623 368 5689 inianticidae,
383 5619 435 5693 qui
451 5615 580 5672 infantes
594 5630 695 5670 recens
709 5614 803 5672 editos
818 5631 870 5687 pro
881 5613 1002 5671 arbitrio
1057 5615 1105 5688 cii,
1122 5619 1151 5672 ct
1166 5631 1241 5686 quus
1256 5612 1312 5672 soli
1336 5612 1462 5687 gnostici
1490 5617 1673 5686 perpetrasse
1698 5607 1903 5686 dicebantur,

172 5705 271 5756 vestro
282 5692 394 5754 necatis
406 5708 413 5748 ι
427 5691 485 5747 Nos
500 5703 551 5760 pro
564 5689 677 5758 nostra,
688 5686 837 5756 uldioitis,
849 5686 1000 5759 religione.
1057 5687 1096 5744 Le
1113 5687 1162 5744 Pa.

172 5773 232 5826 Vos
248 5785 301 5842 pro
316 5763 436 5825 arbitrio
450 5765 557 5818 restro.
573 5759 631 5817 Vos
656 5757 776 5832 quidem
792 5759 930 5826 inientes,
950 5754 1002 5814 ali-
