4152 6192
204 432 279 493 itui
835 433 953 494 hisae
975 434 1000 496 ll
1023 435 1076 495 ab
1098 433 1279 497 dicauit.
1833 429 1911 490 tuot

238 566 270 624 V.
289 567 423 636 Mopsum
436 579 500 621 uero
514 579 546 622 oc
559 551 686 622 sanctum
698 567 727 622 io
745 565 869 623 Ecclesia
882 570 1090 622 sacramentum
1104 581 1161 623 esse
1176 566 1385 622 matrimonium
1399 565 1469 636 quod
1484 563 1603 620 Ecclesia
1616 563 1754 632 conciliet,
1770 568 1796 618 et
1807 562 1913 633 confir·
1986 545 1988 558 ’

238 656 296 710 mot
310 653 423 728 citatio,
439 662 465 710 et
478 653 605 726 obsignat
621 654 781 724 tamdictio,
798 657 895 730 cupali
909 657 1082 726 renuntient,
1102 660 1184 713 Pater
1198 665 1258 714 roto
1274 653 1366 724 habet,
1382 669 1406 710 c.
1417 655 1444 710 8.
1459 655 1528 710 Eoo.

469 921 585 979 CAPUT
604 921 760 981 PRIMUM.
1042 925 1069 991 Α
1085 937 1152 979 vero
1166 922 1286 980 diiflcilc
1301 926 1356 990 est,
1372 926 1400 979 at
1416 937 1474 978 non
1488 921 1553 978 aine
1568 916 1795 976 necessitatibus
1813 919 1843 973 et
1856 914 1911 972 hoc

239 1010 263 1065 1.
280 1008 415 1066 Proxime
429 1009 493 1082 tibi,
510 1009 703 1068 dilectissima
718 1013 747 1068 in
774 1011 896 1068 ῠοωίοο
911 1027 1029 1068 conser-
1084 1011 1248 1068 maximum
1264 1011 1448 1085 propositum
1459 1009 1524 1066 vitas
1534 1007 1663 1081 supremi
1677 1005 1806 1079 praesidii
1816 1007 1837 1061 ⁸.
1854 1004 1912 1060 Nae

199 1114 246 1168 va,
263 1097 334 1170 quid
352 1098 467 1154 lomina
483 1104 590 1155 sancta
605 1099 674 1173 (et),
697 1097 883 1157 matrimonio
898 1108 1028 1172 quacun·
1085 1099 1157 1156 mihi
1174 1100 1209 1156 de
1224 1099 1281 1156 isto
1307 1116 1424 1172 quoque
1439 1097 1583 1155 referendi
1603 1097 1639 1152 ad
1665 1100 1694 1151 te
1710 1110 1820 1152 caussa
1837 1093 1912 1149 iuis·

203 1201 260 1258 quc
274 1186 380 1243 tuso
397 1191 474 1242 sorte
498 1188 646 1259 adempto,
669 1188 840 1245 sectandum
865 1187 913 1258 sit,
928 1192 962 1244 ut
976 1205 1030 1260 po·
1084 1193 1162 1259 sent,
1178 1189 1236 1245 nisi
1255 1188 1417 1262 graviorem
1442 1188 1566 1244 meam⁶
1586 1184 1817 1242 sollicitudinem
1832 1197 1912 1238 com-

199 1273 243 1330 tui
268 1279 443 1346 prosecutus
471 1292 549 1332 sum.
573 1275 657 1332 Nunc
683 1277 718 1333 ad
750 1277 880 1333 secunda
906 1275 1030 1333 consilia
1083 1278 1318 1351 prehendissem.
1334 1278 1407 1334 Nam
1422 1281 1531 1349 quanto
1554 1274 1675 1348 grandis
1695 1272 1911 1328 estcontinen·

201 1368 417 1435 convertamur,
435 1351 570 1436 respectu
588 1363 723 1420 humana
745 1365 940 1431 infirmitatis,
956 1381 1029 1438 qua·
1083 1366 1125 1424 tia
1140 1367 1246 1433 caruis,
1263 1383 1328 1440 qua
1344 1365 1515 1423 viduitatem
1531 1363 1689 1429 ministrat,
1705 1365 1799 1427 tanto,
1815 1359 1910 1416 sinon

200 1453 337 1509 rumdam
349 1452 492 1525 exemplis
503 1453 742 1524 admonentibus,
756 1471 819 1528 que
834 1453 958 1511 divortio
974 1454 1029 1528 (32)
1083 1455 1277 1523 sustineatur,
1292 1453 1477 1529 ignoscibilis
1492 1451 1584 1508 videri
1609 1453 1706 1523 potest
1719 1467 1726 1516 ;
1742 1446 1909 1505 dilticilium

197 1539 244 1597 vel
260 1539 505 1612 muritiexcsssu‚
531 1539 630 1598 oblata
654 1542 841 1599 continentia
865 1543 1028 1612 occasione,
1084 1545 1163 1601 enim
1179 1544 1274 1602 facilis
1300 1548 1345 1600 est
1367 1542 1461 1600 venia.
1488 1541 1601 1606 Quanto
1629 1542 1728 1595 autam
1754 1536 1864 1593 nubere
1879 1536 1910 1592 in
1962 1532 1964 1544 '

200 1643 257 1685 non
275 1629 361 1686 modo
386 1629 560 1700 abjecerunt
584 1631 837 1703 opportunitatem
860 1631 1029 1701 tantibcni,
1084 1633 1209 1690 Domino
1238 1630 1432 1705 perpetrabile
1459 1633 1514 1696 est,
1543 1627 1586 1684 uti
1610 1630 1716 1683 nostre
1746 1624 1910 1698 potestatis,

205 1717 256 1774 aad
272 1733 309 1773 ne
324 1717 354 1773 in
369 1717 506 1774 nubendo
522 1717 640 1791 quidem
657 1735 775 1775 rursum
791 1719 952 1792 disciplina
968 1735 1029 1775 me·
1084 1725 1165 1778 tanto
1180 1718 1359 1793 culpabilius
1374 1723 1418 1776 est
1429 1735 1485 1774 non
1498 1717 1651 1773 observare
1668 1712 1744 1787 quod
1761 1713 1910 1786 possiailo

201 1805 325 1863 minisse
348 1805 506 1863 voluerunt
529 1807 596 1878 (33),
619 1811 651 1863 ut
673 1809 704 1864 io
718 1809 833 1865 Domino
856 1809 1030 1882 potissimum
1084 1809 1196 1867 accedit
1211 1810 1288 1882 quod
1304 1807 1461 1882 Apostolus
1476 1807 1512 1862 de
1527 1804 1625 1861 viduis
1640 1803 1760 1876 quidem
1776 1806 1806 1857 et
1820 1801 1911 1857 inuu-

199 1894 332 1951 nuberint
348 1895 373 1968 (1
385 1895 447 1952 Cor.
465 1913 515 1964 vn,
537 1895 593 1969 39).
618 1895 719 1969 ltaque
735 1896 806 1953 mihi
831 1897 971 1953 contusus
986 1900 1030 1953 est
1084 1898 1153 1971 ptis,
1171 1903 1204 1956 ut
1217 1898 1258 1955 ita
1273 1900 1476 1970 permaneant,
1497 1894 1613 1964 suadet,
1629 1907 1696 1948 cum
1718 1890 1806 1946 dicit:
1824 1889 1910 1960 Cupio

203 1983 332 2052 animus,
348 1984 448 2058 nequi
475 2001 570 2057 nuper
593 1989 621 2042 te
648 1985 684 2041 ad
705 1985 869 2043 univiratus
893 1991 921 2042 et
934 1985 1030 2041 vidui·
1085 1993 1180 2044 auten
1194 2001 1287 2044 omnes
1300 1983 1494 2056 meoeoempto
1505 1979 1714 2056 pmaeoerorell
1730 1980 1794 2035 Cor.
1810 1995 1860 2050 vu,
1871 1979 1910 2050 7).

202 2071 772 2144 talisperseverautiambortatussum,
790 2075 1030 2131 nonomentione
1084 2077 1242 2132 1230οο
1270 2074 1407 2131 nubendo
1422 2090 1489 2130 vero
1518 2072 1548 2128 in
1572 2069 1708 2139 Domino,
1738 2083 1804 2124 cum
1821 2065 1909 2123 dicit:

204 2159 389 2233 nuptiarum,
406 2160 580 2234 proclivium
604 2162 657 2218 tibi
682 2163 799 2221 labendi
815 2164 850 2220 ab
875 2163 1030 2220 altioribus
1086 2166 1245 2222 Tantums'o
1269 2163 1394 2230 Domino,
1423 2163 1562 2234 jamnon
1593 2158 1774 2224 suadet,sed
1799 2160 1912 2213 exserte

204 2249 309 2307 luciam
325 2249 393 2321 (31).
419 2249 501 2317 Quod
523 2250 547 2307 si
572 2251 684 2324 integre
709 2253 800 2326 sapis,
829 2258 906 2309 carte
926 2253 984 2309 scis
999 2253 1029 2309 id
1044 2297 1070 2363 B
1086 2253 1179 2327 jubet.
1194 2253 1288 2327 igitur
1302 2253 1332 2308 in
1347 2251 1405 2309 ista
1427 2247 1553 2307 maxime
1568 2247 1675 2321 specie,
1699 2245 1756 2302 nisi
1770 2243 1911 2318 obsequi-

204 2338 383 2397 servaudum
397 2337 450 2394 tibi
474 2355 551 2412 esse,
575 2342 653 2412 quod
676 2341 715 2398 ait
743 2341 843 2398 utilius
864 2343 931 2416 (35).
948 2343 1030 2410 Quod
1086 2359 1163 2412 mur,
1180 2341 1391 2414 periclitamur,
1413 2339 1485 2413 quia
1499 2353 1621 2394 suasum
1638 2337 1757 2408 impune
1772 2333 1844 2406 quid
1859 2349 1910 2390 ua·

913 2469 1017 2532 Varia
1037 2470 1199 2533 lectiones.

218 2660 225 2674 ι
240 2590 365 2674 ‘'Lomm
374 2595 535 2718 ‘lmftt‘m
547 2606 564 2649 s
575 2589 635 2649 cod.
652 2591 789 2664 leobardi
800 2594 841 2650 sic
855 2595 1005 2652 restituisse
1018 2595 1073 2651 siti
1084 2596 1159 2651 uisam
1173 2595 1212 2651 est
1224 2592 1359 2666 Ripaltius
1375 2608 1385 2646 .·
1400 2591 1484 2648 Nunc
1508 2593 1599 2646 ment.
1613 2591 1720 2672 nupt,
1734 2584 1910 2659 proclivium

202 2660 257 2717 tihi
277 2662 398 2718 cavendi
413 2661 450 2719 ab
463 2671 589 2720 ationem
606 2663 720 2720 luciam.
738 2666 820 2732 Quod
835 2665 860 2722 si
875 2665 897 2723 l.
920 2682 957 2738 s.‚
973 2672 1050 2722 certe
1064 2666 1144 2723 istud
1164 2666 1339 2724 servandum
1355 2664 1395 2721 ibi
1411 2679 1486 2731 caea,
1502 2661 1580 2736 quod
1595 2666 1636 2719 ait
1650 2659 1762 2718 utilius.
1778 2658 1861 2726 Quod
1874 2687 1911 2700 -

204 2735 318 2792 niceas.
331 2733 387 2791 hoc
401 2750 470 2792 max
484 2750 568 2808 prop.
583 2734 658 2807 vita,
675 2737 839 2796 subresedi.
854 2737 866 2774 ⁸
880 2739 980 2810 lliputt,
995 2739 1025 2795 in
1041 2754 1084 2796 ea.

927 2862 1189 2928 Commentarius.

241 2981 298 3054 (31)
321 2982 444 3040 demina
466 2991 579 3042 soracte.
607 2983 722 3057 Optime
746 2987 896 3043 adnotavit
914 2987 1031 3045 Rhena—
1085 2988 1201 3044 cauendi
1227 2985 1395 3043 oblationem
1421 2987 1540 3057 timiam.
1570 2983 1625 3049 Qui
1654 2979 1805 3054 superiora
1833 2976 1908 3060 libro

210 3069 266 3108 nus
282 3069 333 3126 per
347 3055 473 3111 laminas
489 3059 606 3113 sanctas
622 3056 669 3112 hic
692 3057 873 3116 Christianae
887 3058 1009 3133 intelligi
1023 3077 1030 3129 ς
1087 3058 1168 3116 uxori
1183 3057 1340 3115 consilium
1355 3058 1475 3114 dederat
1491 3061 1522 3114 ut
1537 3054 1675 3111 secundis
1690 3051 1803 3124 nuptiis
1817 3051 1910 3105 abstr-

208 3124 409 3208 pluriesenim
424 3129 501 3200 apud
518 3129 596 3184 hunc
620 3135 767 3189 auctorem
792 3130 868 3187 hanc
883 3146 981 3188 vocem
998 3146 1032 3187 eo
1087 3134 1179 3198 neret,
1195 3131 1327 3187 dicturus
1339 3130 1401 3201 jam
1415 3128 1451 3185 de
1465 3128 1568 3185 iisdem
1586 3125 1707 3198 nuptiis,
1724 3127 1748 3180 si
1763 3123 1792 3177 in
1805 3136 1910 3204 ¹aarum

209 3212 451 3268 senaureparies.
469 3199 558 3255 Primi
583 3200 670 3256 ctiam
695 3202 853 3258 Christiani
880 3203 1033 3259 sauctidi·
1088 3203 1292 3259 necessitatem
1331 3200 1464 3266 incidat,
1494 3199 1610 3256 nonnisi
1650 3211 1717 3254 oum
1745 3193 1910 3250 Christiano

210 3267 364 3352 rebantur,
375 3272 462 3341 juata
482 3270 554 3326 illud
577 3272 709 3342 apostoli
726 3274 736 3329 1
762 3273 1035 3346 Gor.v11:Atioqui
1088 3274 1242 3340 iaciendis,
1268 3271 1359 3331 vereri
1383 3289 1415 3329 se
1429 3272 1480 3340 ait,
1503 3286 1539 3327 ne
1555 3271 1640 3326 istius
1664 3265 1844 3323 secundaria
1858 3264 1911 3319 ad-

209 3339 265 3410 μοι
277 3342 361 3397 uestri
388 3341 526 3399 immundi
538 3346 636 3412 esseut,
663 3359 737 3402 canc
756 3361 818 3402 uero
845 3348 937 3402 stracti
958 3349 1033 3402 sunt.
1088 3345 1262 3402 hortationis
1277 3343 1469 3415 indulgentia,
1486 3343 1592 3414 prioris
1609 3339 1810 3397 austeritatem
1827 3336 1911 3392 dasa-

208 3409 310 3467 Sancti
340 3413 431 3468 Lucas
459 3414 528 3483 (Act.
559 3429 598 3486 ιι,
627 3415 670 3486 32)
695 3415 773 3473 idem
801 3417 905 3474 babet:
935 3418 1035 3474 Petrus
1089 3417 1195 3484 ruisse,
1218 3421 1269 3474 aut
1293 3418 1377 3472 daea
1406 3415 1566 3488 plurimum
1594 3412 1744 3470 remisisse
1768 3409 1912 3490 videatur,

206 3481 274 3539 dum
288 3485 466 3553 pertromiret
493 3485 644 3559 universos,
659 3487 769 3545 deuenit
798 3489 834 3546 ad
855 3497 961 3546 soootos
984 3489 1036 3560 qui
1090 3506 1178 3561 quam
1206 3486 1398 3545 nihilominus
1422 3484 1570 3543 observari
1592 3485 1779 3540 vehementer
1802 3483 1913 3552 cupiat,

207 3554 371 3610 teotoniam
396 3555 507 3626 Lydda,
538 3560 567 3612 et
594 3555 625 3612 Β.
656 3559 765 3617 ΡοοΙοο
794 3561 921 3630 iterum;
947 3561 971 3616 ll
996 3529 1913 3634 asicitaquamihiconiusuaestanimus,iuquit,nequita

207 3624 382 3683 Thessalos.
398 3643 462 3699 cap.
478 3643 508 3684 1:
525 3625 657 3686 Omnibus
679 3633 730 3702 qui
751 3635 816 3688 sunt
829 3632 919 3688 Roma
933 3633 1034 3690 voeatis
1090 3649 1184 3704 nuper
1198 3633 1235 3689 ad
1257 3630 1422 3688 univiratus
1446 3634 1476 3686 et
1488 3628 1639 3686 viduitatis
1665 3627 1911 3699 perseverantiam

208 3697 322 3780 11110111.
337 3697 523 3780 Saoctissimi
547 3715 666 3773 quoque
686 3701 756 3757 olim
773 3703 948 3759 dicebantur
968 3721 1034 3774 pro·
1088 3704 1223 3761 hortatus
1239 3719 1317 3769 sum,
1334 3717 1411 3758 nuno
1427 3701 1574 3759 mentione
1591 3701 1762 3770 nuptiarum
1775 3718 1789 3746 a
1806 3692 1911 3778 procli-

209 3785 321 3825 m¹⁸⁰¹¹⁶
345 3771 486 3841 episcopi,
511 3785 613 3826 11111111
638 3773 712 3829 huno
739 3773 795 3830 sibi
811 3790 845 3830 sa
860 3775 1035 3847 antiquitate
1088 3777 1168 3834 vium
1185 3775 1238 3831 tihi
1253 3773 1370 3831 labendi
1393 3774 1429 3829 ab
1448 3773 1601 3830 altioribus
1626 3767 1912 3826 iaciam.»siaed1·

210 3841 336 3896 servavit
362 3841 590 3915 appellationem
618 3859 756 3902 summus
784 3847 915 3918 pontilsx
942 3845 1033 3903 solus.
1088 3846 1376 3905 tionasitbenaniet
1397 3844 1528 3901 Pamelii.
1557 3841 1682 3898 Atlibsr
1705 3843 1724 3897 Α
1747 3837 1913 3921 ubardi'cx3

211 3912 252 3968 ΒΕ
271 3915 322 3967 ΡΒ·
1089 3925 1216 3976 tremam
1232 3915 1395 3973 clausulam
1420 3917 1536 3972 exhibet
1562 3914 1658 3970 verbis
1680 3913 1715 3968 ad
1763 3909 1913 3966 ertullrani

246 3983 303 4056 (32)
325 3983 459 4040 ltiocrtio.
487 3989 561 4066 Ergo
584 4001 797 4060 nonnunquam
821 3986 909 4044 etiam
931 4003 1035 4044 uxorea
1089 4006 1210 4048 sensum
1226 3987 1399 4062 aptioribus,
1424 4009 1439 4038 a
1456 4003 1492 4042 na
1517 3984 1688 4059 proclivium
1713 3981 1768 4038 tibi
1791 3980 1913 4036 cavendi

210 4053 392 4124 Chiifflllnffis
420 4056 556 4128 0⁰njttg¹⁰
582 4071 633 4128 pao
660 4058 816 4115 divortium
839 4059 952 4130 soluta,
977 4075 1034 4114 non
1089 4061 1264 4120 ablationem
1292 4059 1408 4124 luciam,
1433 4056 1519 4113 »hoc
1542 4062 1649 4128 cst‚ue
1672 4051 1913 4110 ablatiocavendi

210 4131 376 4199 exspectato
389 4129 485 4183 mariti
495 4143 628 4192 excessu,
639 4129 723 4185 alteri
734 4136 859 4204 nuptum
871 4131 964 4188 ibant.
977 4132 1034 4186 lta·
1090 4135 1129 4192 ait
1144 4131 1196 4189 tibi
1211 4132 1289 4188 velut
1304 4127 1486 4204 proclivium.
1508 4128 1627 4195 Vereor,
1653 4125 1760 4196 inquit,
1776 4139 1813 4180 nc
1829 4138 1913 4178 man-

210 4202 438 4266 ouanonarant
466 4199 623 4255 uniuaviri
653 4218 766 4260 uxores.
796 4205 850 4260 ssd
877 4219 930 4259 nec
952 4206 1036 4258 crunt
1089 4206 1129 4262 tio
1145 4206 1203 4261 ista
1216 4203 1412 4260 secundarum
1429 4201 1600 4272 nuptiarum
1624 4197 1663 4254 sit
1685 4193 1792 4252 ablatio
1813 4193 1912 4277 prohi-

211 4270 302 4326 unius
317 4270 416 4325 uxoris
432 4268 496 4337 viri,
520 4269 572 4342 qui
595 4274 749 4345 repudiata
776 4275 1035 4348 conjugealteram
1079 4271 1221 4346 ‘bitionia
1237 4280 1325 4346 atque
1347 4273 1415 4329 inde
1437 4273 1473 4329 ad
1497 4270 1643 4329 secundas
1673 4267 1791 4340 nuptias
1815 4275 1913 4321 uarro

211 4341 365 4424 duxerept.
382 4341 557 4423 Huiusmodi
571 4358 700 4413 persona
720 4363 756 4402 ex
768 4346 900 4432 Apostoli
915 4351 1035 4404 senten·
1090 4348 1209 4421 proclivi
1236 4347 1409 4402 Proclivium
1420 4343 1501 4412 dicit,
1517 4341 1632 4399 labendi
1644 4338 1817 4412 periculum,
1835 4337 1913 4410 quod

210 4415 253 4467 tra
267 4411 420 4496 prdinrbus
436 4428 497 4468 sive
520 4412 680 4473 honoribus
706 4414 914 4476 ecclesiasticis
936 4418 1035 4473 minua
1090 4436 1160 4478 sana
1172 4419 1339 4504 promptius
1354 4422 1398 4473 est
1413 4415 1442 4472 in
1456 4415 1584 4488 proclivi.
1597 4411 1726 4470 Proetiae
1741 4413 1850 4492 autem,
1861 4425 1913 4492 seu

211 4480 325 4540 hflbllsst
339 4483 544 4550 ⁰0⁰⁸⁰bflfll⁰rs
562 4489 594 4540 111
618 4488 743 4559 exempli
759 4506 816 4546 non
841 4489 914 4548 sutis
929 4488 1035 4562 integri
1090 4491 1274 4564 proclivium,
1290 4489 1351 4546 llari
1364 4488 1479 4544 videtur
1490 4487 1635 4544 ablatione
1650 4482 1782 4548 cavendi,
1798 4483 1913 4553 quotics

211 4570 266 4612 nec
280 4553 485 4637 temperantia.
505 4554 590 4624 Nam,
605 4559 661 4613 etsi
674 4557 789 4643 legibus
810 4561 899 4619 vetita
913 4577 972 4618 nou
987 4575 1036 4617 cs·
1089 4563 1263 4621 auferuntur
1289 4561 1388 4618 obices
1410 4564 1461 4615 aut
1487 4557 1687 4632 preciduntur
1700 4569 1789 4620 ansa,
1803 4552 1913 4625 quibus

210 4629 277 4683 sent
292 4641 326 4682 sa
340 4640 426 4696 conju
449 4629 739 4702 ra,tamanexpert1u
752 4632 852 4703 probri
867 4650 924 4690 nou
941 4635 1035 4700 erant,
1089 4653 1126 4702 ap
1150 4633 1281 4692 reiensis
1297 4631 1391 4688 caveri
1408 4631 1560 4704 potuisset,
1577 4629 1615 4685 La
1629 4628 1681 4683 Pa.

211 4715 265 4754 nco
279 4695 403 4754 faciliter
440 4695 576 4754 eclesiam
591 4705 726 4759 recturus
746 4703 912 4768 videbatur,
928 4703 975 4760 cui
991 4709 1035 4760 ta·
1124 4652 1182 4778 (35)
1194 4705 1269 4776 Quod
1282 4706 1309 4760 si
1322 4704 1428 4774 integre
1448 4705 1534 4774 sapis,
1557 4705 1632 4758 certe
1645 4695 1719 4755 istud
1742 4692 1914 4752 servendum

212 4785 279 4826 men
295 4766 398 4825 inlalix
409 4769 582 4842 conjugium
602 4779 748 4831 cesserat:
763 4780 815 4832 aut
830 4792 942 4904 Kanum
957 4773 1035 4848 plebi
1089 4778 1130 4834 ibt
1143 4795 1211 4849 esse,
1222 4775 1339 4850 quodsit
1352 4775 1450 4832 sattim
1460 4777 1552 4846 (tuxia
1563 4773 1628 4829 leot.
1643 4769 1737 4840 Vae).
1751 4767 1805 4824 flio
1819 4763 1914 4821 multa

210 4840 574 4925 Christiana-servaturus
600 4842 806 4903 benevolentia
851 4847 929 4916 dem,
946 4863 1035 4920 quam
1090 4849 1323 4918 emendavimus,
1349 4845 1495 4919 agobardi
1524 4844 1603 4927 libro¹
1627 4843 1671 4899 sic
1693 4840 1846 4897 suadente.
1864 4837 1914 4892 sit

212 4913 329 4987 conjugi
359 4929 483 4995 minima
509 4921 691 4973 servaverat.
721 4919 920 4993 chrysostomi
947 4919 1036 4976 verba
1052 4888 1289 4978 ”Tertullianus
1311 4919 1345 4975 ad
1375 4933 1515 4974 uxorem:
1541 4916 1570 4972 Si
1596 4919 1709 4987 integra
1733 4927 1766 4967 ac
1789 4907 1916 4983 perlecta

212 4988 292 5042 sunt.
319 4984 402 5041 Pauli
426 4985 462 5043 ad
486 4983 585 5043 Titum
615 4987 773 5061 Epistulam
793 4990 1033 5063 interpretantis:
1089 4993 1181 5066 sapis,
1198 4993 1249 5060 ibi,
1265 4991 1320 5046 hoc
1336 4994 1390 5057 eat,
1406 4987 1435 5043 in
1454 4988 1601 5044 mentione
1615 4986 1785 5059 nuptiarum
1802 4985 1914 5064 sectan-

211 5055 245 5112 Ὁ
271 5054 321 5130 γὰρ
351 5054 420 5143 πρρς
457 5055 508 5126 τὴν
542 5056 711 5122 &artesiam
750 5058 888 5134 μηδεμίαν
921 5056 1039 5139 φυλάξας
1094 5065 1165 5121 dum
1180 5080 1246 5122 ease
1261 5061 1339 5136 quod
1355 5059 1394 5118 ait
1410 5059 1524 5131 utilius,
1540 5064 1572 5115 ut
1586 5074 1690 5132 nempe
1703 5054 1843 5140 secundis
1858 5069 1913 5107 nu·

212 5121 330 5253 ξῗὲἓιαδνὶ,
357 5147 418 5253 eggis
448 5126 486 5251 ἒν
513 5127 591 5253 giso<
615 5129 720 5256 ἷένοιτο
749 5134 903 5207 προστάτης
927 5128 1038 5201 καλός;
1093 5136 1163 5208 ptiis
1178 5135 1335 5193 abstineas.
1349 5131 1424 5197 Quia
1445 5147 1513 5189 vero
1528 5132 1653 5190 arduum
1677 5145 1710 5186 ac
1724 5125 1845 5184 difficile
1859 5123 1914 5180 boo

466 5220 479 5252 v

213 5267 339 5339 ἆπαντκ,
366 5219 422 5325 ἴυζε
450 5267 492 5324 811
503 5221 762 5356 ξῖπρῖῗακεκώλοται
775 5277 849 5353 παρὰ
874 5277 928 5328 τῶν
944 5295 975 5329 νο
1000 5295 1037 5330 mv
1092 5279 1304 5353 stereplaouit,
1320 5279 1485 5350 etpuusum
1501 5274 1630 5348 aliquam
1646 5271 1792 5331 scribendi
1809 5267 1913 5348 luceru,

211 5338 395 5416 τὸδευτὶρθῑς
419 5337 527 5432 ituit&
547 5345 582 5418 γά
606 5365 658 5414 otc,
680 5345 743 5404 ἀλλ’
758 5343 956 5425 &paecoliis
979 5293 1038 5422 fga
1092 5352 1163 5408 dum
1179 5350 1274 5408 moad
1303 5347 1487 5419 subsequens
1513 5349 1590 5404 istud
1614 5337 1913 5423 consiliumloplltgm

213 5413 244 5468 τὸ
259 5433 279 5468 tt
298 5419 372 5487 ᾶγμα
386 5431 560 5487 aasnpopmr.
631 5417 679 5474 Pa.
1093 5439 1187 5494 neque
1201 5426 1236 5480 de
1251 5425 1308 5478 isto
1323 5420 1441 5491 quidem
1457 5421 1493 5476 ad
1515 5426 1543 5477 te
1567 5419 1746 5484 retulissem,
1762 5426 1819 5467 nisi
1834 5409 1915 5466 dilli-

248 5433 305 5557 (Άὲ)
321 5485 372 5542 Sed
387 5486 465 5542 111111
488 5483 614 5541 1111111110
637 5489 918 5561 sementariotios
938 5493 1037 5548 memi-
1092 5492 1231 5552 cultatem
1247 5490 1450 5564 comperirem,
1467 5493 1608 5564 maiorem
1624 5508 1658 5548 aa
1676 5500 1764 5567 quam
1781 5495 1915 5564 sermone

211 5555 451 5640 disseminarunt.
470 5555 530 5611 Νοο
542 5565 662 5639 accusat
676 5577 726 5617 eas
738 5563 900 5637 disciplina
915 5562 1036 5632 violatas,
1092 5566 1241 5639 superiora
1265 5579 1479 5638 prospexeram.
1513 5563 1621 5620 Deinde
1649 5557 1774 5616 ostendit
1794 5567 1913 5625 gravius

212 5643 246 5684 eo
262 5630 427 5700 quod,v1ro
442 5643 529 5698 aquo
540 5627 669 5687 dimissa
686 5633 801 5692 lucrant
814 5636 937 5705 vivente,
952 5632 1037 5692 altari
1092 5655 1211 5711 peccare
1226 5637 1378 5703 feminam,
1395 5636 1472 5709 quod
1487 5635 1588 5706 gentili
1612 5633 1714 5696 nubat,
1729 5642 1818 5701 quam
1834 5625 1912 5708 quod

213 5703 377 5782 nupserant
390 5716 398 5766 ;
413 5697 465 5756 sed
490 5713 524 5754 eu
546 5699 623 5784 quod
652 5701 770 5761 ethnico
791 5711 964 5779 nupserant,
979 5724 1036 5763 nu·
1090 5711 1236 5768 secundas
1250 5725 1284 5766 ac
1298 5708 1400 5764 tertias
1424 5707 1541 5778 nuptias
1561 5705 1675 5762 subeat.
1702 5705 1766 5757 idox
1779 5697 1815 5756 de
1829 5697 1912 5752 Chri·

212 5776 291 5843 phas
306 5787 376 5826 suas
390 5774 470 5825 extra
484 5768 641 5828 Ecclesiam
658 5775 797 5831 tulerant.
812 5777 851 5834 ba
867 5777 916 5833 l’a.
1090 5781 1195 5840 ationis
1207 5787 1289 5840 extra
1302 5777 1462 5836 Ecclesiam
1478 5778 1598 5850 nuptias
1639 5771 1816 5834 parantibus
1831 5783 1912 5826 asae-

248 5843 306 5918 (31)
320 5842 360 5900 lie
372 5857 450 5900 nunc
470 5841 606 5902 mentium
625 5846 792 5918 nuptiarum
807 5849 972 5922 prestetum
985 5847 1038 5906 titi
1090 5851 1139 5925 rit,
1154 5857 1183 5914 et
1196 5853 1325 5930 graviter
1338 5848 1549 5910 stomachatur.
1565 5849 1605 5907 tr
1617 5793 1670 5906 ia.

628 5225 644 5273 η
678 5205 862 5281 1111111ΥοΡῖΰὶ
891 5203 1038 5292 Ἴπῇγᾰρ
1092 5206 1436 5281 vitapropositumessc
1462 5205 1533 5269 scio,
1556 5201 1741 5261 subresiders
1765 5195 1913 5254 aceubei·
