4156 6194
192 291 229 350 91
854 291 1119 356 TERTthlANI
1138 289 1243 353 VITA.
1856 290 1896 352 92

194 439 488 496 sacrarum,qusrum
504 424 592 480 tidem
607 423 648 480 dii
665 439 718 481 auo
732 423 900 482 testimonio
913 441 1018 499 appro-
1030 426 1060 494 A
1075 427 1100 482 si
1113 425 1183 498 quid
1196 433 1246 482 aus
1265 426 1370 481 erroris
1392 424 1533 496 ejecimus,
1555 431 1604 480 out
1623 423 1764 496 equitatis
1782 421 1896 480 admisi·

193 512 274 569 bant.
292 512 417 570 Maxime
432 514 509 586 quod
524 512 641 570 illarum
658 515 862 572 auctoritatem
882 514 937 588 (vel
952 513 1017 588 ipso
1071 531 1142 571 mus.
1153 516 1195 585 (t.
1214 515 1276 571 adu.
1291 516 1399 574 i'almt.
1416 531 1440 572 a.
1454 515 1494 587 5.)
1516 513 1593 571 luter
1617 528 1691 585 quos
1715 528 1895 570 commemo·

193 605 341 674 testejam
357 601 1018 678 Christiano)summaantiquitasvindicaret
1071 605 1154 661 randi
1179 605 1356 673 Quadratus,
1379 603 1534 672 Aristides,
1559 605 1755 676 Anaxagoras,
1788 601 1894 675 llolito,

194 695 294 764 utpote
319 708 384 748 eum
410 707 416 747 :
444 694 544 752 Omsces
566 694 748 761 substantias,
773 699 1017 768 omnesquemate·
1069 693 1249 767 Theophilus
1272 694 1483 760 antiochenus,
1510 691 1718 765 apollinarius,
1741 692 1894 762 Tatianue,

192 783 264 848 rius,
292 783 422 852 oriqines,
452 782 571 855 ordines,
611 799 695 840 uenas
732 786 859 841 ueterani
885 785 1016 856 cujusque
1070 782 1205 840 Clemens
1220 783 1357 840 Alexand.
1377 773 1406 840 et
1424 781 1595 856 Apollonius
1617 783 1750 838 Senator.
1769 781 1895 853 denique

192 871 271 942 stqti,
286 879 378 940 qantos
396 874 479 928 ctiam
502 873 647 945 plerasque
669 875 694 929 et
717 873 806 941 urbes,
827 875 950 946 insiqnes
972 873 1015 929 bi·
1069 873 1105 929 ab
1120 875 1204 930 Anat.
1221 872 1327 930 alicubi
1344 872 1424 930 citati
1439 873 1567 930 tustinus
1580 870 1762 943 Philosophus
1775 873 1801 927 et
1818 875 1897 926 Mar·

191 961 342 1016 storiarum
372 976 470 1017 causas
494 965 518 1018 et
550 963 761 1029 memoriarum,
795 965 866 1036 ipsas
899 965 1018 1036 donique
1071 969 1126 1036 tqr,
1142 963 1278 1020 Miltiades
1288 963 1388 1020 Erotes.
1403 961 1541 1034 Sophiste,
1566 966 1594 1018 ct
1619 965 1747 1018 irenaeus
1772 962 1897 1017 omnium

192 1049 299 1122 esfiqiss
314 1050 483 1118 litterarum,
505 1052 609 1108 iudices
628 1051 802 1124 custodesque
816 1069 930 1116 rerum;
945 1055 1017 1126 ipsos
1071 1051 1265 1108 doctrinarum
1277 1053 1482 1109 curiosissimus
1496 1050 1657 1122 explorator
1671 1049 1784 1115 Quibus
1798 1049 1895 1105 omni·

191 1137 263 1207 deos,
289 1139 350 1211 ipsa
375 1140 480 1212 templo
503 1144 529 1196 et
552 1141 668 1197 oracula
690 1145 717 1198 ct
737 1159 818 1198 suero
842 1144 925 1198 unius
948 1143 1017 1200 Pro·
1071 1140 1127 1198 bns
1142 1139 1311 1198 evolvendis
1325 1145 1444 1198 stante
1467 1145 1497 1198 et
1519 1143 1586 1214 post
1607 1138 1695 1196 fldem
1724 1141 1895 1210 susceptam

192 1227 282 1298 pbetae
300 1227 385 1302 Moysi
407 1231 543 1285 scrinium
565 1231 675 1286 secutas
693 1231 799 1302 aliquot
822 1234 1016 1294 antetulerit:
1070 1229 1169 1302 ipsum
1195 1229 1384 1302 allaborasse,
1409 1230 1453 1288 vol
1468 1246 1503 1286 ex
1529 1228 1652 1302 apolog.
1669 1231 1759 1300 patet,
1788 1226 1818 1282 in
1837 1243 1895 1300 quo

192 1315 361 1372 aumatium
385 1316 503 1375 illarum
528 1319 710 1390 Maiestatem
735 1319 864 1376 divinam
893 1319 1017 1392 praedia·
1071 1318 1197 1377 subinde
1210 1318 1465 1376 illossdvsrbutn
1480 1319 1539 1375 lere
1554 1316 1697 1373 imitatur.
1723 1315 1774 1370 llis
1800 1313 1894 1371 ouini·

192 1405 306 1461 tionum
322 1405 428 1463 veritas
453 1408 659 1480 comprobaret
675 1425 680 1464 :
698 1409 835 1482 Quidqmd
861 1411 945 1482 mim,
971 1408 1016 1464 in·
1071 1407 1126 1463 bus
1142 1407 1327 1464 adminiculis
1341 1407 1377 1464 sd
1392 1406 1500 1463 Christi
1516 1407 1603 1462 fidem
1619 1419 1775 1462 conversus
1790 1404 1894 1475 etjam

192 1493 267 1566 quit,
292 1496 396 1564 aqitur,
423 1497 680 1568 praenuntiabatur.
708 1498 782 1567 Quod
810 1507 893 1555 terrae
919 1501 1018 1555 vorant
1071 1495 1216 1562 initiatus,
1233 1495 1438 1570 cumpellium
1462 1495 1663 1553 Christianum
1692 1493 1814 1550 indutus
1842 1493 1893 1564 (sl-

193 1583 283 1650 urbes,
299 1584 371 1655 quad
390 1586 496 1641 insulas
520 1588 613 1642 maria
634 1587 778 1658 trandent,
802 1587 874 1660 quod
901 1592 1018 1644 murm
1071 1585 1131 1641 cuti
1146 1592 1231 1642 antea
1243 1586 1332 1642 etiam
1347 1585 1514 1658 attigimus)
1522 1583 1727 1641 inconstantiae
1742 1587 1896 1639 notaretur

192 1675 273 1743 atque
296 1674 406 1730 interna
431 1674 503 1731 bella
526 1675 678 1748 dilaniant,
702 1677 780 1749 qnod
800 1679 897 1747 reqnis
928 1692 1018 1748 reqna
1072 1673 1108 1729 ab
1123 1674 1228 1742 emico,
1245 1676 1324 1748 quod
1339 1692 1358 1731 a
1373 1675 1443 1747 Yoqa
1458 1673 1615 1730 transisset
1624 1675 1664 1729 ud
1678 1672 1812 1740 Pettium,
1827 1671 1895 1726 Ora·

192 1760 374 1832 compulsant,
397 1763 467 1835 quod
486 1767 574 1836 tames
587 1773 614 1822 et
641 1766 709 1833 lues,
729 1769 756 1822 et
780 1765 877 1823 locatos
901 1781 1016 1840 quaeque
1070 1763 1181 1819 tionem
1196 1763 1299 1820 habuit
1312 1763 1487 1838 Carthagine
1503 1764 1605 1836 (quam
1621 1779 1678 1819 nte.
1698 1779 1734 1817 ns
1753 1777 1833 1817 esna.
1852 1759 1895 1815 in·

192 1849 292 1918 clades,
315 1859 342 1906 et
363 1851 527 1925 frequentius
553 1853 713 1927 plerumque
737 1856 871 1911 mortium
899 1858 1014 1922 uastant,
1070 1851 1211 1926 scripsit),
1226 1870 1283 1925 qua
1297 1858 1326 1909 et
1340 1852 1424 1910 Pallii
1452 1857 1638 1921 vetustatem,
1662 1849 1895 1922 simplicitatem,

193 1939 302 2010 siquod
317 1943 404 1997 etiam
419 1943 684 2014 officiatemporum
700 1947 726 1999 et
743 1944 939 2000 elomentorum
954 1960 1016 1999 mu·
1070 1941 1251 2009 facilitatem,
1267 1941 1432 1999 libertatem
1458 1942 1625 2012 siracusa,
1657 1937 1891 2011 philosophicum

193 2028 243 2082 nia
257 2030 423 2100 exorbitant,
436 2030 508 2103 quod
530 2037 557 2088 et
578 2034 710 2088 monstris
732 2037 758 2089 et
780 2035 916 2104 portentis
928 2041 1017 2088 natu·
1069 2030 1243 2103 gravitatem
1259 2036 1286 2088 et
1301 2033 1487 2089 sanctitatem
1503 2029 1700 2099 consulendam
1713 2031 1742 2084 et
1756 2027 1891 2084 vitiosibi

193 2117 298 2172 ratium
328 2120 420 2190 torona
448 2120 589 2190 turbatur,
616 2121 791 2194 prouidenter
816 2124 919 2194 scripta
949 2127 1017 2179 sunt
1070 2119 1133 2174 dari
1149 2137 1207 2176 non
1233 2120 1337 2177 dehere
1365 2120 1455 2178 variis
1482 2117 1625 2192 exemplis
1649 2115 1788 2188 ostendit,
1813 2115 1891 2190 quod

193 2205 315 2278 (Nempe
330 2209 430 2265 ltatth.
446 2211 522 2274 navt.
539 2210 608 2267 unm
625 2211 759 2282 patimur,
785 2212 937 2283 loquuturs
952 2212 1016 2268 dum
1070 2207 1204 2266 habitum
1220 2209 1348 2266 verterit.
1365 2209 1587 2276 Quaoccasione
1602 2211 1630 2265 et
1641 2206 1797 2262 libidinum
1811 2205 1895 2261 saria

195 2299 423 2369 recopnosctmus,
437 2299 601 2371 probantur.
624 2298 664 2355 De
688 2298 796 2372 quibus
821 2299 959 2358 amnibus
974 2299 1015 2357 la·
1070 2314 1187 2371 genera,
1207 2299 1316 2371 quibus
1339 2303 1445 2356 natura
1469 2301 1612 2368 mutetur,
1638 2300 1668 2353 et
1691 2295 1892 2353 Matransrum

195 2383 257 2440 tius
272 2390 302 2440 et
315 2385 367 2444 M
382 2386 432 2444 lib.
449 2387 585 2445 dsPattio
601 2405 625 2445 c.
642 2389 670 2460 2,
685 2392 714 2445 et
742 2389 874 2460 ejusdem
903 2390 1015 2462 Apoth.
1070 2386 1183 2444 uultum
1196 2389 1378 2445 indecentem
1395 2388 1567 2457 insectatur,
1581 2391 1611 2444 et
1627 2386 1680 2443 lori
1708 2383 1846 2440 iudicum
1862 2388 1893 2440 et

195 2489 259 2547 cap.
274 2475 319 2543 40,
335 2492 393 2549 quo
410 2480 438 2533 st
456 2478 492 2533 ad
514 2481 643 2534 Annotat
679 2483 795 2535 nostras
816 2478 953 2536 lectorem
969 2495 1016 2535 rs·
1070 2476 1198 2534 militum
1214 2477 1302 2548 vitiis,
1326 2480 1390 2534 tum
1414 2477 1567 2534 ambitioni
1592 2481 1621 2532 et
1647 2473 1721 2548 gula
1742 2477 1891 2530 cauterem

194 2562 351 2620 mittimus.
1071 2565 1173 2638 adigit.
1191 2567 1278 2636 Atqui
1294 2566 1341 2622 his
1356 2566 1437 2624 Cass.
1467 2567 1536 2622 data
1551 2563 1724 2623 constitutio
1750 2562 1846 2618 Severi
1861 2563 1891 2617 at

230 2652 275 2708 13.
291 2653 343 2709 llic
357 2654 501 2712 duntaxat
515 2656 671 2725 addemus,
687 2655 817 2715 alludere
834 2655 919 2712 illum
940 2656 1017 2714 inter
1069 2655 1469 2726 Antoninivldusblartias,
1497 2656 1671 2730 quaeexstat
1698 2652 1731 2710 b:
1760 2650 1821 2707 nih.
1851 2666 1890 2719 rx,

197 2744 443 2799 caeteraadluem
455 2745 613 2802 maximam
629 2745 1015 2804 RomsetinmultisPro-
1070 2743 1176 2813 tom.l,
1192 2743 1243 2800 lib.
1259 2762 1279 2816 1,
1295 2745 1402 2801 iterum
1431 2744 1586 2802 confirmat
1614 2747 1744 2800 nostram
1773 2744 1890 2798 santen-

193 2828 308 2900 vinciis,
326 2849 359 2888 aa
376 2837 459 2888 terre
474 2836 587 2890 motum
613 2835 792 2908 quooorruit
809 2839 933 2909 Smyrna
945 2835 1015 2890 urbs
1070 2830 1141 2888 tiam
1158 2833 1194 2890 de
1209 2833 1353 2891 Antonino
1367 2833 1429 2891 lilio
1445 2823 1563 2906 Imperii
1578 2835 1722 2889 consorte.

193 2917 280 2984 Asis,
297 2936 361 2992 que
377 2927 508 2978 recenset
523 2923 626 2980 basah.
637 2923 668 2981 in
684 2923 833 2981 Chroniais
849 2923 904 2980 sub
920 2924 1015 2982 Marco

196 3009 226 3062 et
239 3006 313 3065 Varo
329 3011 436 3083 lmpp.,
457 3015 486 3068 et
504 3010 613 3068 tulmen
638 3012 713 3083 quod
730 3013 786 3070 sub
809 3014 969 3070 Commodo
985 3013 1014 3068 in

192 3095 366 3170 Capitolium
376 3116 464 3156 ruens
474 3100 679 3157 bibliothecam
698 3101 1015 3168 inflammavttpthsltn
1105 3101 1193 3172 §Vll
1211 3101 1284 3161 Unde
1298 3119 1377 3158 suam
1390 3102 1514 3158 hauserit
1526 3099 1719 3158 mnnimodam
1734 3097 1892 3171 disciplinae

193 3185 258 3255 elus
274 3188 370 3242 etatis
384 3187 490 3255 civilia,
506 3206 632 3262 quorum
649 3191 712 3260 jam
729 3191 930 3257 meminimus3
943 3191 1013 3245 item
1030 3173 1052 3240 C
1069 3191 1233 3249 christianas
1248 3193 1402 3248 scimtt'am.
1428 3220 1460 3234 -
1486 3192 1528 3248 lt.
1554 3207 1581 3249 c.
1603 3205 1720 3247 scutato
1748 3201 1892 3244 naasson

193 3273 672 3350 adsumamdsqualudscap.
690 3279 719 3334 in
739 3279 798 3334 hec
821 3278 1017 3348 remathad
1070 3297 1103 3336 ar
1132 3297 1156 3335 n.
1185 3297 1442 3338 vansstoussmnn
1460 3297 1587 3337 sanasse
1614 3295 1710 3336 estsco
1737 3293 1814 3337 coss
1841 3273 1890 3333 bb

194 3361 273 3434 Scap.
290 3379 315 3418 a.
331 3364 371 3436 3,)
388 3381 395 3418 :
411 3364 487 3421 Sicut
501 3373 528 3421 et
548 3367 597 3422 sub
612 3367 758 3422 llitariano
775 3367 908 3438 praeside,
930 3383 1016 3440 quum
1070 3368 1099 3424 S.
1124 3369 1251 3425 Victoris
1275 3369 1360 3443 Papa
1388 3369 1512 3426 Romani
1537 3385 1613 3426 anno
1639 3385 1660 3424 ιι
1683 3372 1712 3424 et
1735 3365 1833 3424 Severi
1852 3379 1890 3420 tv.

193 3449 313 3508 dearsit
327 3454 536 3524 sepulturarum
550 3460 706 3512 nostrarum
720 3456 1017 3515 acclamassmtsdrcae
1069 3458 1288 3515 Tsnrusnmuus
1298 3459 1362 3530 jam
1382 3457 1569 3516 Christianus
1584 3457 1694 3530 quihus
1709 3472 1740 3512 se
1766 3469 1892 3525 occupa·

194 3555 251 3596 non
264 3543 331 3609 sint,
355 3557 429 3600 arem
450 3544 572 3614 ipsorum
594 3561 649 3600 non
672 3544 810 3616 fuerunt:
825 3541 925 3602 messes
940 3547 1015 3602 caim
1069 3545 1200 3604 tionibus
1216 3552 1310 3604 totum
1323 3547 1477 3618 dediderit,
1490 3547 1600 3620 scripta
1623 3547 1699 3618 sius,
1724 3545 1760 3600 de
1784 3543 1892 3616 quibus

192 3647 256 3687 suas
270 3647 325 3687 non
339 3635 454 3700 eperunt
465 3615 482 3698 ,5
498 3633 624 3706 denique
648 3637 684 3691 ad
708 3638 875 3706 portentum,
892 3636 928 3692 de
956 3651 1014 3708 quo
1069 3640 1181 3707 postea,
1199 3635 1265 3709 plus
1284 3635 1357 3693 satis
1372 3653 1426 3693 sua
1448 3635 1626 3692 confirmant
1646 3632 1827 3691 testimonio.
1853 3631 1892 3686 lix

192 3719 322 3776 ibidem:
336 3727 406 3780 Nam
421 3729 446 3778 et
460 3721 501 3778 sol
515 3721 568 3778 itte
582 3725 612 3779 in
626 3728 759 3782 conuentu
770 3725 899 3796 Uticensi,
908 3726 1013 3782 essun-
1069 3722 1178 3795 quibus
1192 3724 1329 3796 inprimis
1358 3727 1472 3781 constet
1500 3723 1541 3780 ita
1563 3726 1712 3780 versatum
1740 3721 1832 3778 tuisse
1860 3719 1890 3775 in

191 3817 232 3866 cto
244 3825 316 3882 pene
328 3808 433 3867 lumine
447 3810 515 3867 adeo
529 3819 683 3883 portentum
693 3815 759 3883 tuit,
775 3818 806 3870 ut
820 3829 874 3870 non
893 3816 1014 3886 potuerit
1070 3828 1221 3869 sacrarum
1236 3812 1359 3870 lectione
1374 3801 1561 3878 Litterarum,
1577 3812 1618 3868 its
1630 3809 1778 3868 memoria
1793 3808 1891 3865 omnis

191 3915 227 3956 esc
241 3899 386 3956 ordinario
399 3901 523 3974 deliquio
536 3901 587 3958 boc
600 3905 673 3975 pati,
686 3903 796 3976 positus
808 3905 838 3959 in
852 3919 901 3960 suo
915 3904 1014 3976 bqpso-
1070 3904 1098 3956 at
1112 3901 1231 3974 singula
1244 3901 1463 3974 scripturarum
1478 3900 1543 3958 loca
1553 3899 1787 3969 commendasse,
1800 3901 1832 3954 ut
1846 3893 1890 3951 rel

192 3992 266 4045 mate
280 3992 307 4046 et
321 3990 474 4047 domicilio.
490 3990 532 4063 (t.
545 3991 580 4048 de
593 3993 696 4048 testim.
721 3993 826 4050 anirnsr
849 4008 910 4063 cap.
929 3993 967 4065 l.)
981 3992 1014 4048 ttt
1069 3989 1156 4046 unica
1170 3991 1289 4064 periodo
1315 3991 1441 4048 subinde
1464 3989 1618 4062 complura
1642 3987 1811 4060 complexus
1831 3984 1891 4052 sit;

193 4093 270 4150 vero,
287 4079 397 4152 scripta
411 4096 528 4153 quoque
549 4078 743 4137 multoruma
765 4081 879 4139 Christo
894 4085 1015 4139 Petrum
1055 4076 1158 4151 ⁴sicuti
1180 4097 1215 4134 ex
1236 4080 1453 4152 scripturarum
1477 4079 1576 4136 Indiae
1604 4081 1716 4150 nostro,
1740 4074 1893 4133 collatione

194 4167 370 4225 adv.Gentes
384 4167 567 4226 conversioni
583 4185 703 4226 causam
718 4170 835 4226 dedisse
857 4171 1014 4241 sentimus,
1069 4182 1136 4224 aum
1154 4171 1278 4224 Auctore
1294 4168 1380 4236 laete,
1397 4167 1480 4224 laaile
1495 4172 1541 4224 est
1553 4164 1817 4240 deprehenderem
1833 4161 1892 4218 illis

194 4257 231 4312 sd
248 4274 311 4330 qus
326 4256 432 4314 alludit
454 4257 523 4314 alibi
543 4274 550 4315 t
565 4258 717 4330 Nonnulli,
741 4259 847 4332 inquit,
871 4261 969 4331 quibus
982 4259 1016 4316 de
1069 4259 1168 4313 autem
1184 4255 1309 4313 citandis
1323 4256 1480 4314 aditionem
1491 4257 1626 4328 sequitur
1638 4254 1748 4328 ubique
1762 4269 1826 4309 axx.
1842 4253 1891 4308 Iu·

191 4347 312 4417 pristina
326 4347 497 4419 litteratura,
512 4353 540 4405 et
564 4349 733 4405 curiositatis
756 4349 842 4416 tabor,
869 4352 897 4405 et
914 4363 1016 4406 memo·
1068 4348 1158 4418 terpr.
1176 4345 1253 4418 quod
1269 4345 1305 4402 ad
1321 4348 1413 4402 Vetus
1427 4346 1660 4402 lustramentum
1681 4342 1796 4408 attinet,
1812 4340 1890 4413 quod

192 4435 243 4490 rite
264 4440 345 4492 tenor
355 4438 578 4508 perseveraverit,
602 4437 733 4509 opuscula
754 4452 836 4510 penes
858 4437 1014 4511 noscendi·
1065 4449 1117 4506 per
1137 4435 1258 4491 Esdram
1282 4434 1337 4507 (vel
1360 4435 1424 4508 ipso
1448 4433 1531 4506 teste)
1558 4435 1668 4489 constat
1701 4434 1891 4489 restauratum

192 4521 303 4591 derunt,
318 4535 560 4582 commemorantes
573 4535 599 4581 et
612 4526 838 4596 contestificantes
852 4528 883 4582 in
905 4527 1014 4600 suqqit·
1029 4546 1053 4611 D
1067 4522 1109 4595 (t.
1124 4523 1158 4580 de
1172 4523 1245 4580 Hah.
1261 4525 1330 4580 mut.
1347 4540 1373 4580 a.
1389 4525 1424 4587 ὃς
1440 4523 1549 4595 lpotoq.
1568 4538 1593 4580 a.
1610 4521 1667 4594 lt),
1681 4520 1770 4593 idque
1786 4535 1843 4576 non
1858 4519 1890 4576 in

194 4611 327 4670 tattonem
342 4622 368 4671 et
382 4616 517 4686 oripinem
530 4619 557 4671 et
571 4615 751 4672 traditionem
768 4624 794 4673 et
814 4619 1015 4673 sententiarum
1067 4613 1265 4671 Pentateucho
1281 4613 1373 4690 Moysi
1387 4613 1539 4684 duntaxat,
1555 4611 1680 4684 aliisque
1698 4610 1783 4668 libris
1796 4611 1889 4667 bista-

193 4707 354 4774 arqumcntc
368 4719 418 4766 per
431 4720 492 4776 quse
506 4705 660 4776 recoqnosci
682 4705 776 4776 possit,
798 4704 871 4760 nibil
893 4721 944 4762 nos
966 4707 1015 4760 aut
1068 4701 1148 4775 risis,
1164 4704 1216 4760 ssd
1231 4708 1261 4759 st
1274 4703 1304 4759 in
1320 4703 1533 4776 Prophetarum
1548 4701 1695 4759 vaticiniis
1712 4718 1718 4757 :
1733 4701 1804 4770 Quos
1814 4701 1890 4756 enim

191 4806 302 4860 nouum,
317 4797 367 4847 aui
379 4794 783 4866 portentosum,susccpisse,de
796 4808 850 4865 quo
863 4809 919 4850 non
930 4795 1015 4851 etiam
1068 4791 1187 4865 (inquit)
1211 4791 1336 4849 discimus
1356 4791 1556 4864 predicatores,
1580 4791 1730 4864 quptctae
1749 4790 1782 4846 dc
1800 4789 1890 4862 alticio

192 4895 349 4938 communes
363 4882 465 4940 litterae
479 4882 514 4938 ad
527 4881 781 4954 sutiraqtumnobis
788 4885 1012 4955 patrocinentur,
1066 4878 1208 4952 prestandi
1225 4881 1370 4938 dicuutur.
1388 4885 1474 4938 Voces
1496 4896 1600 4951 eorum,
1628 4881 1747 4953 itemque
1765 4879 1890 4947 uirtutes,

1324 2993 1395 3034 Anno
1413 2993 1514 3033 bonnm
1534 2991 1637 3032 axcttt.

190 5061 294 5132 quitur.
314 5061 399 5117 hiber
413 5062 448 5118 ad
466 5061 582 5134 Scapul.
600 5078 663 5134 cap.
680 5061 777 5118 ultim.
792 5063 821 5118 2ο
836 5066 1013 5120 potestatem
1070 5056 1135 5125 lim,
1150 5074 1214 5130 que
1229 5075 1319 5132 supra
1334 5058 1363 5114 in
1381 5057 1518 5124 Pamelio,
1535 5057 1739 5114 auctoritatem
1758 5055 1890 5128 Scriptu-

191 5133 360 5190 eorumdem
372 5138 418 5190 stu
442 5134 548 5191 endam
560 5134 590 5189 in
602 5135 915 5206 demoneseorumqua
924 5135 1015 5190 simu·
1070 5131 1371 5203 rarum‚dirinsmque
1382 5130 1605 5204 prediationum
1621 5129 1807 5200 maiestatem
1819 5125 1893 5184 veri-

189 5200 270 5260 laare
284 5208 313 5260 et
328 5151 457 5262 oraculi.
474 5205 545 5274 Quid
560 5207 610 5261 isto
629 5220 709 5277 opere
734 5210 931 5280 manifestius?
944 5205 1014 5278 quid
1068 5206 1128 5258 tate
1143 5201 1379 5274 comprohatum,
1395 5204 1454 5258 imo
1470 5205 1498 5258 st
1510 5199 1635 5284 ‚imperil
1659 5200 1842 5284 calamitates
1857 5214 1891 5254 eo

192 5279 243 5330 baa
255 5277 416 5346 probatione
430 5278 538 5347 fidelius
552 5281 563 5333 l
575 5277 910 5350 simplicitasueritatisin
925 5277 1014 5334 medio
1069 5274 1165 5346 magis
1180 5275 1402 5345 sevientes,quo
1418 5273 1586 5329 vesaniorin
1599 5271 1776 5329 christianos
1787 5286 1893 5327 imma·

191 5354 246 5402 est:
259 5350 343 5404 etiarn
356 5352 390 5404 dc
403 5350 562 5420 corporibus
576 5353 669 5405 nostro
689 5351 805 5421 imperio
824 5349 959 5406 emrtuos
973 5350 1015 5403 in·
1069 5346 1146 5402 nitas
1162 5351 1357 5418 grassaretur,
1373 5361 1407 5402 aa
1418 5345 1535 5400 demum
1552 5360 1650 5399 rerum
1669 5345 1696 5400 vi
1713 5360 1814 5417 graves
1832 5358 1891 5398 non

191 5420 244 5474 otti
267 5428 293 5476 et
317 5421 435 5477 dolentes
457 5426 483 5477 et
504 5421 579 5476 uobis
607 5421 787 5492 presentibus
817 5421 1012 5478 erubescentes.
1069 5411 1891 5489 secusaaverborumaouminsApologeticosscrinones

192 5490 342 5564 apologet.
358 5491 458 5549 Xllltl.
474 5493 503 5548 3⁰
518 5493 629 5548 blatum
642 5493 822 5619 {adlatarum
837 5493 1012 5552 diuinorum.
1068 5505 1085 5545 a
1107 5488 1243 5572 pluribus
1268 5488 1318 5561 qui
1333 5504 1367 5545 ea
1390 5487 1525 5545 dantesie
1549 5493 1723 5562 tempestato
1746 5487 1891 5547 llorebant

190 5562 231 5618 Ad
246 5565 329 5620 istam
343 5565 531 5636 disciplinam,
547 5563 588 5620 ait
603 5564 634 5621 in
661 5563 724 5620 ihra
738 5565 774 5620 ds
788 5564 891 5622 laima
905 5569 1015 5632 tanneia
1068 5559 1237 5620 doatortbus
1251 5559 1413 5634 evulgatos.
1428 5561 1497 5618 Ean.

189 5635 320 5706 predicti
333 5637 436 5708 induti
448 5635 663 5698 transactamus.
687 5633 798 5704 Quibus
808 5640 837 5696 st
860 5635 952 5698 addat
967 5653 1014 5698 vs-
