4134 6184
179 402 258 467 {293
820 397 937 462 alata
959 397 1009 460 DE
1031 397 1245 461 cautious.
1808 413 1886 476 laet

179 535 235 592 ni„
265 535 289 592 ,p
319 551 377 591 no„
403 533 473 592 lime
499 539 528 592 et
554 533 684 606 virgines
713 530 810 606 specie
850 533 1001 603 praestare,
1017 526 1189 600 Aperinds.
1202 527 1352 600 inquibus
1368 545 1436 604 ergo
1452 548 1511 588 ana
1525 535 1642 592 condito
1668 539 1774 611 capitis
1792 543 1888 617 depu-

177 627 364 682 clamatores
379 623 534 680 inveniret
549 623 610 679 lma
624 622 759 678 videmus
775 619 830 692 (73)
847 620 923 692 quod
946 635 1005 675 acu
1060 621 1150 683 tatur,
1167 633 1226 673 ana
1240 622 1269 674 et
1283 617 1441 690 disciplina
1457 622 1560 693 cepitis
1575 625 1711 698 exigitur,
1742 631 1832 690 etiem
1852 635 1888 689 ad

177 713 307 784 virgines
323 713 402 770 solas
416 711 635 784 concupierint,
658 726 726 766 cum
752 709 832 766 dicat
854 708 1007 780 Scriptura
1061 721 1111 762 aas
1125 706 1266 778 virgines.
1282 721 1354 776 quas
1371 709 1475 779 peritia
1489 710 1642 770 defendit:
1659 731 1676 772 a
1691 718 1787 788 primo
1807 722 1888 778 enim

178 804 253 876 filios
266 803 412 860 dominam
431 801 494 859 Gen.
505 817 545 867 vt,
560 801 601 874 2),
631 799 700 872 quia
715 799 811 872 potuit
826 813 930 854 uxores
953 797 1005 853 hc·
1058 795 1165 867 (emino
1181 795 1336 850 nominata
1351 801 1404 852 est.
1422 798 1470 853 Sic
1486 799 1612 872 denique
1627 809 1657 858 et
1672 806 1760 863 lsrael
1785 810 1885 866 obser-

179 892 293 948 minum
307 889 545 964 nominasse,ch
557 888 681 946 feminas
692 887 899 944 indifferenter.
911 885 1004 941 litium
1060 889 1108 938 vat
1119 883 1186 954 (76).
1197 883 1251 940 Sed
1262 882 1286 940 si
1298 901 1356 941 nou
1369 887 1538 945 observaret
1552 891 1620 963 (77),
1646 899 1749 952 nostre
1763 894 1809 953 lex
1823 915 1889 954 am-

178 981 257 1054 quod
273 981 324 1052 ait,
340 984 374 1037 lit
398 987 562 1052 acceperant
575 978 629 1033 sibi
644 979 673 1034 in
688 992 786 1032 uxores
803 975 900 1044 (idid.)
915 975 944 1029 in
971 990 1005 1030 sc
1060 971 1151 1044 plicia
1167 977 1257 1046 atque
1272 974 1408 1046 supplete
1423 976 1590 1036 defenderet
1606 981 1663 1036 sibi
1691 985 1886 1054 adjectionem

178 1069 249 1126 iacit
268 1070 345 1142 quod
361 1067 547 1141 accipiuntur
563 1067 593 1122 in
609 1082 725 1133 uxores,
740 1082 802 1136 que
817 1068 922 1120 vacant
949 1063 1005 1119 sci·
1060 1060 1231 1134 Virginibus
1246 1078 1364 1134 quoque
1388 1063 1524 1134 injiciens
1544 1067 1741 1129 velamentum
1765 1089 1887 1132 excuse·

178 1158 258 1216 licet.
275 1163 314 1214 De
327 1175 385 1214 non
400 1156 576 1214 vacantibus
592 1160 692 1211 autem
708 1153 793 1210 aliter
812 1154 1004 1209 enuntiasset.
1059 1154 1117 1206 tur.
1136 1150 1218 1206 Nunc
1232 1157 1303 1207 estes
1317 1153 1350 1222 ⁶⁶,
1366 1169 1431 1224 qam
1446 1169 1548 1212 sexum
1565 1173 1653 1214 suum
1678 1163 1795 1232 ignorat
1818 1165 1885 1238 (78),

178 1243 809 1320 ltaqaevacantiil)tamviduitatequam
830 1251 857 1298 st
883 1241 1005 1315 virgini·
1060 1238 1259 1314 simplicitatis
1279 1241 1466 1314 privilegium
1492 1247 1601 1301 teneat.
1628 1249 1702 1305 Nam
1725 1257 1754 1308 et
1777 1253 1835 1309 tiva
1858 1257 1888 1310 et
1987 1234 1993 1244 .

177 1340 258 1392 tate:
284 1336 357 1391 adeo
384 1349 487 1390 sexum
513 1333 705 1400 nominando,
730 1330 905 1404 generaliter
928 1329 1004 1386 illies
1059 1328 1164 1396 Adam,
1182 1327 1232 1384 nbi
1246 1329 1290 1385 sis
1305 1330 1429 1403 contigit
1444 1349 1556 1404 sapere,
1574 1341 1729 1395 texuerant
1744 1341 1801 1413 (79)
1824 1346 1887 1399 stc-

177 1429 206 1480 et
220 1424 334 1496 species
350 1423 379 1478 in
390 1437 495 1494 genere
505 1420 778 1478 commiscuit.ltem
788 1435 855 1476 cum
865 1419 936 1475 dicit
948 1419 1005 1492 (75)
1058 1419 1111 1474 tim
1126 1418 1204 1488 q⁰⁰d
1217 1425 1405 1488 ⁸8¹¹⁰V⁰ll¹¹¹i·
1418 1419 1499 1476 0⁰⁸³
1515 1421 1543 1476 1¹¹
1560 1424 1669 1493 quilius
1681 1429 1805 1498 Ρῦθΐῑῑῑῑ
1819 1446 1888 1486 ¹1¹⁰·

176 1519 314 1568 natursm
330 1512 427 1584 ipsam
441 1512 557 1578 docere,
568 1510 694 1566 lominus
705 1508 842 1565 velandas
852 1524 927 1578 esse,
938 1525 1004 1580 quse
1061 1507 1142 1574 tavit,
1158 1508 1236 1560 sicut
1248 1511 1371 1574 nature,
1380 1511 1457 1562 itaet
1467 1507 1629 1582 discipline
1642 1516 1728 1570 dalet
1740 1523 1812 1574 estas
1823 1534 1889 1576 essa

176 1600 318 1673 ospitium
335 1616 387 1673 pro
402 1604 575 1672 tegumento
591 1603 621 1654 et
636 1603 809 1654 ornamento
832 1597 1005 1653 mulieribus
1061 1597 1202 1650 munillce
1213 1593 1356 1666 (80).Nam
1369 1601 1397 1650 et
1408 1598 1549 1654 membris
1561 1604 1590 1655 et
1604 1602 1889 1665 cl'lroiismulieribus

175 1689 356 1762 assignarit3
372 1704 469 1746 nonne
483 1689 560 1744 idem
574 1691 777 1760 tegumentum
789 1691 819 1742 et
828 1686 905 1741 idem
914 1685 1008 1741 honor
1063 1683 1260 1756 resignantur.
1274 1683 1359 1739 Nulla
1372 1684 1453 1756 virgo
1466 1693 1519 1754 est,
1532 1703 1567 1742 ex
1578 1705 1637 1760 quo
1649 1699 1745 1763 potest
1766 1697 1887 1770 nubere,

179 1778 285 1849 cupitis
299 1775 464 1850 virginibus
480 1792 598 1848 quoque
609 1775 777 1848 adscriptus
788 1775 1005 1830 estiSimulie-
1062 1773 1202 1844 quonism
1212 1775 1354 1844 etasjam
1370 1773 1443 1830 inea
1453 1777 1555 1848 nupsit
1569 1794 1623 1835 suo
1635 1782 1706 1850 viro,
1716 1783 1745 1838 id
1757 1788 1802 1840 esi
1819 1791 1890 1843 tam·

175 1868 204 1922 ri
218 1873 299 1939 torpe
317 1873 356 1922 est
380 1865 445 1922 rodi
470 1866 495 1939 (i
509 1865 570 1921 Cor.
593 1881 633 1932 aa,
657 1865 698 1937 c),
722 1863 825 1920 1188
849 1869 878 1918 et
900 1860 1008 1935 virgini
1023 1849 1047 1914 B
1061 1861 1124 1935 pori
1140 1861 1217 1934 (81);
1233 1862 1284 1920 sed
1306 1863 1407 1934 eliqua
1430 1879 1462 1920 se
1486 1864 1545 1922 lieo
1570 1868 1648 1925 vovit
1676 1871 1743 1944 (82).
1769 1873 1837 1932 lam
1861 1892 1891 1949 et

894 1979 996 2042 Variae
1016 1980 1178 2041 lectiones.

213 2088 236 2124 ⁸⁸
249 2087 304 2144 Sed
321 2087 346 2144 si
362 2088 614 2158 conclamaret,
632 2091 733 2142 nostra
750 2086 795 2141 lea
810 2084 949 2156 ampliata
964 2086 1051 2158 eique
1071 2083 1208 2210 suppleta
1221 2085 1391 2142 detenderet
1412 2085 1469 2144 sibi
1492 2089 1698 2164 adjectionem,
1723 2095 1888 2168 virginibus

179 2175 297 2234 quoque
311 2159 450 2232 injiciens
463 2159 673 2217 velamentum.
690 2159 850 2214 decusatur
864 2173 943 2213 nunc
957 2162 1040 2229 etse,
1054 2159 1109 2213 etc.
1139 2155 1226 2212 lectt.

903 2283 1165 2347 Commentarius.

177 2390 382 2448 ricu'usmodi
399 2392 716 2462 essctipnesecccitore,
732 2392 867 2464 eatquid
898 2390 1005 2449 simile.
1060 2391 1152 2446 unua
1168 2389 1346 2446 mentionem
1361 2391 1440 2460 facit,
1456 2408 1509 2464 pac
1521 2395 1694 2464 teminorum
1707 2401 1799 2473 capita
1811 2403 1887 2462 cite.

177 2462 233 2519 Sed
261 2467 373 2520 ortasse
383 2463 550 2536 legendum,
565 2472 592 2521 et
602 2463 930 2537 virginitatedesunctos,
941 2479 1005 2520 con·
1059 2464 1090 2531 pi
1103 2461 1237 2518 sotebant.
1250 2461 1364 2517 Muaar.

175 2535 352 2606 cupiscentiae
368 2536 469 2592 luisse.
485 2535 584 2606 llopac
598 2535 733 2593 desidem
755 2537 821 2609 fait,
846 2535 874 2590 id
899 2539 1005 2592 Teren·
1094 2534 1152 2605 (77)
1168 2531 1222 2588 Sed
1234 2536 1257 2587 si
1272 2548 1327 2588 non
1341 2534 1505 2590 observaret.
1523 2537 1697 2611 Quanquam
1718 2541 1885 2617 virginibus

177 2606 292 2663 lienum
312 2611 367 2664 est.
383 2607 496 2664 licura.
1058 2605 1168 2660 iudeis
1182 2603 1297 2660 velandi
1312 2605 1417 2677 capitis
1428 2609 1611 2665 consuetudo
1621 2627 1678 2668 ncn
1689 2616 1886 2686 essct,nihilo·

224 2677 271 2750 73)
287 2679 342 2734 loto
358 2678 490 2735 uidemus.
508 2679 581 2748 imo,
598 2677 698 2750 inquit
711 2675 921 2748 Tertullianus,
950 2681 1004 2732 dn·
1059 2677 1158 2732 minus
1173 2675 1202 2730 in
1219 2676 1282 2749 lege
1297 2676 1531 2735 Christianorum
1549 2683 1710 2740 servandus
1732 2686 1805 2745 icret
1831 2689 1886 2747 hu·

176 2763 213 2820 ge
228 2749 235 2803 i
250 2750 378 2822 virgines
414 2751 493 2806 otius
508 2766 597 2822 qnam
621 2755 728 2822 nuptas
754 2749 939 2822 concupiisse
963 2750 1004 2805 vi·
1061 2747 1187 2805 'asmodi
1203 2748 1279 2804 ritus
1294 2765 1301 2815 ;
1317 2765 1385 2806 uam
1401 2749 1431 2804 in
1458 2754 1536 2807 Novc
1561 2753 1750 2813 Testamento
1774 2763 1886 2819 veteres

177 2821 295 2892 dentur,
310 2768 456 2892 siculiem
472 2822 625 2906 Scriptura
640 2825 776 2887 testante,
793 2837 852 2894 cap.
871 2837 900 2876 vr
920 2823 1004 2888 Gen,
1054 2765 1138 2894 iuges
1153 2825 1184 2876 et
1198 2821 1343 2892 ampliate
1359 2827 1388 2876 ct
1402 2823 1543 2894 suppletis
1559 2829 1640 2882 sunt.
1658 2825 1773 2885 Munus.

177 2907 205 2948 v.
221 2893 258 2948 2:
279 2893 403 2950 Videates
417 2893 474 2964 filii
491 2897 541 2948 Dei
560 2892 635 2964 filias
657 2893 799 2949 morinum
822 2892 893 2966 quod
917 2902 1005 2949 essent
1093 2893 1149 2966 (78)
1166 2892 1242 2947 Nunc
1256 2896 1323 2948 utos
1340 2907 1404 2964 quae
1430 2909 1526 2950 sesam
1552 2910 1635 2952 suum
1658 2901 1777 2968 tpnorut.
1806 2901 1880 2958 ilinc

175 2963 312 3034 pulchrae,
324 2965 554 3034 ccccpercatsiii
565 2980 666 3020 uxores
680 2980 715 3020 ccc
728 2965 855 3021 omnibus
867 2981 934 3038 pecs
949 2965 1003 3020 ete·
1057 2969 1147 3036 patet,
1165 2962 1361 3035 puellisque
1379 2968 1508 3020 nondum
1525 2967 1648 3024 rationis
1664 2986 1751 3026 usum
1778 2973 1881 3044 attige·
1935 3009 1936 3017 κ

177 3039 286 3106 percat.
302 3033 396 3108 igitur
410 3053 467 3094 non
483 3053 588 3092 risores
613 3035 777 3107 hominum,
805 3053 863 3092 non
890 3038 1003 3092 lemicae
1057 3042 1133 3102 rant,
1146 3039 1253 3091 intecto
1264 3035 1358 3106 capite
1369 3038 1523 3107 procedere
1539 3037 1667 3097 licuisse.
1687 3041 1883 3114 simplicitatis

179 3107 381 3164 indifferenter
395 3125 412 3164 a
427 3107 495 3164 liliis
508 3107 570 3174 Dei,
586 3107 646 3163 sive
659 3109 695 3164 ab
711 3107 835 3180 angelis,
848 3113 879 3162 ut
889 3107 1003 3162 Tertul-
1055 3109 1242 3179 priuilcpiam.
1254 3106 1453 3163 Tertullianus
1462 3109 1598 3181 appellat.
1611 3115 1720 3169 Verum
1733 3115 1805 3172 iniis
1818 3131 1885 3187 quae

179 3178 277 3234 liunus
291 3179 501 3252 interpretatur
515 3181 615 3251 (quam
631 3178 723 3235 sclide
735 3179 1004 3251 conquaerolexpe·
1057 3180 1092 3235 ad
1108 3178 1337 3235 adolescentiam
1354 3186 1514 3248 creverant,
1530 3196 1598 3238 cum
1620 3188 1724 3241 natura
1751 3193 1882 3244 mutare-

180 3250 384 3322 citauerunt,
401 3251 606 3323 sedvirgines.
634 3255 663 3306 et
688 3267 752 3323 que
774 3251 918 3317 caesioni,
949 3251 1003 3306 hoc
1056 3256 1114 3318 tur,
1129 3249 1246 3305 muterii
1259 3265 1375 3322 quoque
1386 3251 1574 3377 disciplinam
1596 3255 1727 3312 decebat.
1749 3257 1820 3314 Vide
1837 3259 1882 3332 ip-

179 3327 226 3378 est
241 3323 371 3378 nondum
388 3325 561 3394 conjugatae.
578 3323 774 3386 Quamobrem
790 3322 832 3377 itu
861 3324 1002 3394 legendus
1056 3339 1134 3387 sum,
1150 3323 1237 3377 citato
1253 3337 1317 3393 cap.
1334 3322 1365 3376 ll
1382 3321 1415 3379 dc
1429 3339 1479 3379 vc.
1499 3323 1570 3393 Virp.
1588 3325 1703 3383 liunus.

180 3392 253 3449 mihi
269 3394 384 3450 videtur
398 3394 570 3450 Tertulliani
585 3394 687 3450 locus:
707 3395 765 3449 lmo
787 3394 909 3451 uidemus
931 3392 1002 3466 qaod
1091 3393 1148 3462 (79)
1164 3394 1326 3449 Tecccmat.
1349 3394 1425 3466 Lego
1442 3397 1581 3451 texerunt.
1598 3402 1631 3452 ui
1645 3397 1717 3456 Gen.
1744 3416 1809 3472 cap.
1835 3415 1880 3469 ur,

176 3466 300 3536 cirpines
312 3467 384 3522 solas
402 3468 600 3538 concupierint.
621 3465 699 3520 lnt'ra
710 3465 799 3522 etiam
827 3481 928 3520 uxores
949 3481 1000 3538 pro
1016 3473 1037 3541 G
1054 3483 1083 3520 v.
1098 3467 1116 3519 7
1130 3468 1243 3521 Munna.

177 3552 295 3593 uxorem
309 3536 466 3610 legendum
482 3554 556 3605 esse,
569 3553 654 3592 nemo
665 3541 758 3610 neget.
769 3537 852 3592 Hunc
864 3539 1000 3593 eumdem
1090 3537 1147 3608 (80)
1162 3535 1241 3593 Sicut
1257 3541 1375 3600 acturae,
1390 3537 1430 3590 ito
1441 3539 1466 3590 et
1480 3535 1635 3610 discipliuae
1650 3541 1732 3596 delet
1745 3550 1811 3597 cetos
1825 3557 1881 3599 esse

176 3608 298 3664 Genesis
317 3608 414 3666 locum
430 3626 446 3664 a
461 3608 639 3664 Tertulliano
664 3613 822 3665 tractatum
847 3609 946 3665 videas
970 3609 1001 3663 in
1054 3609 1199 3677 munifica.
1220 3615 1263 3662 Aa
1279 3607 1467 3662 scribendum
1484 3611 1586 3664 natm
1604 3615 1633 3666 et
1655 3611 1803 3684 disciplina
1827 3631 1880 3688 pro

177 3685 341 3736 memorato
361 3679 435 3736 libro
451 3681 483 3736 de
498 3681 548 3737 cel.
569 3681 685 3749 Virpin,
701 3697 765 3752 cap.
779 3682 808 3735 7.
834 3679 949 3736 Musas.
968 3711 1001 3721 -
1054 3684 1162 3734 octurae
1173 3682 1201 3734 et
1215 3678 1488 3750 discipliuae‘lQuod
1503 3682 1539 3735 ed
1554 3697 1653 3738 vocem
1681 3685 1814 3755 munifico
1839 3690 1882 3743 at·

177 3750 323 3808 Particula
337 3767 404 3816 non,
420 3757 452 3807 ut
468 3759 544 3808 recte
559 3755 664 3807 statuit
679 3752 866 3818 Muralorius,
878 3751 1002 3806 delenda
1057 3752 1138 3814 tinet,
1155 3749 1284 3805 Isidorus
1311 3749 1361 3804 tio.
1379 3767 1396 3804 x
1412 3748 1487 3822 Orip.
1504 3769 1521 3807 a
1538 3753 1698 3811 Torcellino
1720 3757 1750 3811 in
1775 3759 1885 3813 Latini·

178 3823 226 3880 hic
238 3827 293 3879 est.
313 3828 446 3880 Attamen
463 3827 517 3879 sab
532 3824 654 3894 filiorum
666 3822 810 3879 laciniatim
825 3824 909 3878 titula
921 3839 999 3877 com·
1055 3825 1123 3876 iotis
1136 3823 1233 3876 tesicc
1248 3821 1391 3876 adductus
1407 3822 1437 3876 in
1453 3839 1479 3878 v.
1508 3825 1666 3896 munificiis,
1693 3827 1747 3884 hoc
1772 3829 1883 3885 habet:

178 3894 318 3968 prehendi
336 3912 352 3950 a
365 3895 546 3951 Tertulliano
561 3895 675 3963 viduas,
690 3898 777 3951 verba
793 3911 861 3950 mox
875 3911 1001 3966 sequen·
1057 3893 1206 3962 Manificur
1216 3891 1304 3946 dictes
1323 3895 1372 3952 est.
1383 3895 1451 3962 qaia
1461 3910 1579 3951 mcaerc
1589 3900 1679 3952 matta
1694 3899 1752 3966 dat,
1767 3899 1806 3954 uel
1817 3903 1886 3971 quic

179 3966 220 4022 tie
234 3966 402 4022 ostendunt.
421 3965 512 4022 aliter
525 3972 624 4022 autem
637 3982 695 4020 rem
710 3965 813 4022 statuit
827 3971 930 4023 auctor
941 3967 1003 4038 ipse
1056 3980 1158 4019 inanes
1175 3979 1265 4028 suam,
1282 3961 1310 4016 id
1325 3965 1364 4016 cst
1378 3964 1510 4045 officium,
1541 3967 1611 4038 paru
1630 3969 1717 4037 delet,
1743 3969 1884 4038 adimplet.

178 4036 348 4094 inlibrode
366 4037 1003 4126 Virpiaiittsvelcodisjamsaspeellato,ubi
1055 4037 1180 4092 Videtur
1195 4033 1449 4115 ergo'Tertullrani
1468 4035 1549 4092 locus
1566 4039 1620 4092 hoc
1649 4039 1827 4110 significare,
1855 4049 1888 4096 ut

178 4110 231 4178 ait,
245 4125 308 4166 cam
323 4125 385 4180 erpo
402 4110 476 4166 talias
493 4111 644 4166 hominum
660 4109 738 4174 dicit,
753 4112 931 4181 manifestate
946 4111 1002 4166 uir·
1057 4108 1253 4182 legencium,
1267 4109 1493 4162 rtaotrnstrtuto
1514 4108 1677 4180 disciplinas
1698 4116 1767 4167 astas
1787 4113 1888 4168 adulte

178 4181 257 4249 pines
266 4181 415 4250 portendit,
431 4197 491 4253 pose
505 4181 593 4238 astus
609 4180 682 4254 opud
695 4185 830 4254 parentes
840 4183 1003 4255 deputaren-
1058 4182 1144 4238 debet
1155 4177 1256 4234 munia
1266 4193 1319 4232 sua
1331 4177 1462 4248 exsequi.
1480 4177 1629 4250 Sequitur,
1644 4197 1710 4236 urim
1720 4191 1745 4237 ct
1757 4184 1887 4238 membris

179 4256 239 4308 tur.
252 4253 321 4324 Cep.
336 4253 363 4306 7.
382 4253 492 4309 licurn.
1057 4262 1083 4309 et
1098 4252 1197 4324 «affictis
1213 4249 1377 4304 mulieribus
1391 4250 1579 4319 resipiscatur,
1597 4252 1651 4306 hoc
1666 4257 1721 4321 est,
1753 4254 1885 4310 anulisri-

216 4323 272 4396 (it)
289 4326 384 4396 licque
397 4333 505 4381 uacant.
523 4325 553 4380 ld
568 4328 629 4380 est:
645 4322 700 4378 illae
726 4324 867 4380 dicuntur
889 4341 1002 4390 vacare,
1059 4326 1114 4380 bus
1130 4337 1232 4378 omnes
1248 4321 1448 4393 assignantur,
1464 4321 1508 4376 vel
1524 4325 1765 4379 adnumerantur.
1784 4325 1885 4382 Porro·
1964 4331 1966 4340 ’

179 4411 244 4468 quae
260 4399 310 4452 sut
325 4396 463 4469 virgines,
486 4401 536 4451 eut
560 4395 653 4452 vidue
677 4400 755 4452 sant.
781 4396 897 4452 Musas.
916 4397 1006 4452 -lto
1059 4399 1161 4452 aaotcr
1176 4393 1263 4448 habet
1278 4393 1306 4446 in
1323 4390 1372 4448 tib.
1399 4410 1419 4460 1,
1436 4393 1474 4448 ud
1498 4393 1624 4455 Uxorem.
1643 4397 1741 4452 cornis
1755 4399 1886 4470 concupi·

178 4467 369 4538 quiddamst,
387 4468 591 4540 corrigendum
606 4472 661 4538 est,
678 4472 824 4540 utsupra,
848 4468 933 4524 initio
957 4484 1003 4523 ca·
1059 4467 1173 4524 scientio
1187 4466 1282 4522 aetctis
1297 4463 1393 4535 officia
1406 4463 1539 4535 descedit.
1555 4482 1619 4536 cap.
1636 4467 1662 4521 l.
1687 4467 1796 4524 Reuss.

180 4537 262 4611 pitis.
283 4542 394 4595 Itouna.
1096 4537 1152 4610 (81)
1168 4537 1269 4607 Nupsit
1283 4550 1334 4589 sao
1350 4537 1418 4599 circ.
1435 4537 1465 4591 id
1480 4539 1660 4608 esttempori.
1688 4537 1887 4596 Tertullianus

217 4611 354 4736 (75gltcm
368 4625 429 4666 com
444 4608 522 4677 dieii,
545 4613 601 4666 etc.
627 4611 659 4666 ln
683 4609 784 4664 ecdem
809 4625 872 4682 cap.
899 4624 927 4662 xr
953 4608 1003 4680 lip.
1059 4608 1090 4665 in
1105 4608 1156 4664 lib.
1173 4607 1204 4664 de
1224 4604 1379 4675 Virpinitas
1394 4607 1515 4664 ueicisdis
1536 4610 1812 4680 sipunculis
1839 4628 1888 4668 oc·

178 4681 242 4738 lad
280 4699 334 4751 or.,
355 4697 380 4738 v.
408 4682 459 4737 ll:
488 4683 551 4752 ipsc
577 4690 692 4746 natura,
718 4680 814 4750 inquit
840 4678 1003 4752 Apostolus,
1060 4679 1887 4754 cultematernetura‚etaliusinlateutspateritempas,

177 4751 254 4808 docet
266 4769 323 4819 uos,
340 4752 411 4824 quod
426 4753 470 4808 cir
482 4752 593 4824 quidem
604 4755 630 4808 si
640 4753 873 4816 comumnutriot,
885 4753 1004 4824 ipnomi·
1061 4752 1163 4822 liliam]
1180 4765 1264 4807 suem
1281 4748 1397 4820 legibue
1413 4751 1476 4806 suis
1490 4753 1680 4808 maritarunt.
1703 4774 1713 4803 ι
1738 4754 1849 4810 Rauca.

178 4825 229 4879 nic
242 4829 282 4879 cst
297 4824 352 4880 illi.
365 4823 462 4880 liciter
476 4840 542 4880 uero
553 4825 579 4879 si
587 4839 702 4892 comam,
718 4825 835 4886 nutriat,
851 4823 943 4894 picria
965 4826 1007 4878 est
1024 4843 1045 4908 D
1096 4825 1151 4896 (82)
1167 4821 1218 4878 Sed
1233 4821 1330 4891 aliquo
1344 4836 1372 4875 se
1387 4821 1438 4878 lieo
1452 4824 1534 4878 uouit.
1555 4823 1587 4878 aa
1602 4824 1638 4878 ab
1659 4825 1733 4897 ipsis
1755 4824 1888 4882 Ecclesia

178 4895 236 4962 illi,
251 4897 382 4966 pecvniam
392 4895 489 4967 capilli
501 4911 550 4967 pro
564 4897 702 4952 uelamine
715 4896 741 4950 ci
755 4894 813 4950 doti
826 4905 899 4949 sunt.
914 4895 1007 4966 igitur
1061 4892 1247 4950 incunabulis
1259 4892 1386 4962 virgines
1399 4893 1499 4958 luisse,
1510 4911 1574 4964 quea
1588 4910 1672 4950 suam
1687 4897 1888 4968 virginitatem

178 4982 247 5022 cum
263 4965 427 5037 virginibus
444 4981 561 5039 quoque
576 4965 674 5040 capilli
697 4983 748 5038 pro
772 4963 915 5020 velamine
939 4981 1007 5022 nea
1061 4965 1175 5022 Christo
1192 4965 1333 5029 dicarent,
1346 4980 1412 5020 cum
1428 4982 1444 5021 e
1461 4966 1610 5021 nonnullis
1626 4967 1800 5025 Tertulliani
1816 4969 1888 5025 locis

178 5036 595 5107 naturusintdati,veloeti
619 5037 715 5093 senti
732 5038 848 5093 debent.
874 5035 987 5094 Musas.
1062 5037 1090 5093 iu
1108 5042 1269 5094 memorato
1287 5034 1386 5090 lib.de
1403 5035 1561 5108 Veluti-p,
1578 5045 1641 5094 tum
1658 5043 1761 5097 exhcc
1790 5041 1885 5113 capite

215 5109 271 5180 (76)
287 5108 331 5164 Sic
344 5107 462 5180 denique
476 5112 503 5165 et
518 5057 752 5166 tirmiodscruct.
782 5107 894 5164 iudeis
918 5108 1006 5165 etiam
1062 5108 1178 5168 ostendi
1189 5107 1337 5162 evidenter
1352 5111 1457 5177 potest,
1473 5112 1507 5163 ut
1520 5111 1623 5164 subrat
1633 5111 1733 5167 mirari
1745 5127 1886 5183 qaorum·

177 5177 297 5234 seminis
313 5180 342 5234 in
359 5197 415 5235 usu
431 5178 533 5248 fuisse,
551 5185 583 5236 ut
597 5180 692 5237 velato
708 5180 802 5252 capite
828 5179 1006 5246 incederent,
1062 5183 1130 5238 dnm
1142 5184 1193 5236 aut
1208 5179 1236 5233 in
1254 5194 1284 5233 re
1300 5179 1580 5248 apierlsoecitatem,
1592 5183 1682 5237 autin
1696 5184 1887 5257 improbando

177 5250 257 5307 idem
268 5250 466 5307 Tertullianus
481 5251 694 5320 alibitestutur,
710 5268 816 5323 nempe
826 5252 930 5324 oapi.
943 5251 1007 5308 libri
1062 5270 1093 5309 re
1107 5259 1150 5310 tct
1166 5249 1340 5306 saeculorum
1358 5267 1412 5304 asu
1431 5251 1553 5324 probata
1577 5252 1753 5318 audaciam,-
1776 5258 1886 5326 negant

177 5322 214 5379 de
229 5321 293 5378 Gor.
310 5323 424 5390 militis,
440 5325 526 5394 cujus
541 5323 602 5379 hec
625 5328 696 5380 sunt
723 5325 830 5380 verba:
857 5322 934 5395 Apud
959 5325 1007 5378 iu·
1063 5325 1141 5380 enim
1158 5323 1237 5378 hunc
1253 5337 1361 5376 rnorem
1379 5327 1430 5377 aut
1448 5325 1476 5377 in
1500 5325 1630 5406 antiquis
1651 5323 1885 5382 Christianorum

176 5393 250 5450 daecs
266 5403 320 5450 torn
329 5395 626 5468 solemncestscmints
639 5411 733 5451 eorum
753 5394 881 5451 uelamen
895 5395 1006 5465 cupitis,
1062 5394 1200 5450 Ecclesiis
1214 5391 1355 5464 viguisse,
1367 5393 1456 5448 autin
1468 5395 1681 5452 recentioribus
1692 5396 1886 5455 esselaudan·

177 5469 208 5520 at
223 5465 289 5522 inde
303 5471 464 5523 nosccritur.
479 5466 554 5523 Tum
576 5466 658 5523 addit
686 5467 854 5537 exemplum
873 5465 1007 5520 ltebcccae
1062 5467 1144 5522 dum.
1163 5467 1197 5519 et
1213 5464 1258 5520 lric
1275 5462 1410 5536 legimus,
1427 5467 1540 5538 aliquas
1563 5484 1593 5523 se
1615 5469 1666 5524 ileo
1688 5485 1792 5537 ccum,
1818 5485 1886 5522 san·

177 5535 275 5592 adhuc
291 5539 426 5610 virginis,
443 5554 508 5610 quae
531 5538 626 5594 velata
649 5536 684 5593 ud
710 5553 854 5608 sponsum
880 5538 1010 5608 proiecta
1062 5543 1204 5609 utumque
1220 5534 1276 5592 hcc
1291 5535 1459 5594 institutum
1479 5541 1529 5595 liei
1542 5541 1635 5604 pratia
1648 5541 1783 5596 exerceri.
1809 5539 1888 5595 lnlra

178 5612 235 5674 est,
246 5613 274 5664 et
286 5609 437 5676 Susanna,
454 5625 595 5681 quaecum
608 5607 717 5678 judicic
730 5609 894 5676 sisteretur,
907 5612 1010 5680 operte
1063 5611 1104 5666 ait
1116 5626 1124 5666 :
1138 5632 1148 5658 ι
1161 5607 1294 5681 Nupsisti
1307 5607 1433 5670 Christo.
1449 5609 1492 5664 illi
1508 5627 1625 5666 carnem
1637 5613 1718 5666 taam
1727 5610 1887 5666 tradidisti.

177 5687 244 5736 erat
258 5679 403 5737 velamine
418 5697 471 5764 pro
487 5697 567 5736 more
582 5685 754 5736 ceterarum
773 5681 929 5736 mulierum
951 5680 1007 5736 lis-
1062 5683 1119 5754 Age
1136 5697 1188 5752 pro
1205 5677 1301 5736 mariti
1319 5679 1361 5734 tui
1378 5679 1501 5751 (scilicet
1516 5681 1634 5750 Christi)
1650 5681 1885 5754 disciplina.»Si

179 5751 339 5808 bracarum.
355 5751 470 5810 Similis
486 5769 515 5809 rs
538 5753 591 5809 etit
605 5751 634 5808 in
650 5751 701 5808 lib.
718 5750 752 5808 de
763 5751 819 5806 vei.
843 5752 927 5836 (ἐν),
942 5766 1007 5822 cap.
1066 5759 1200 5822 «nuptas
1211 5751 1324 5807 alienas
1335 5751 1512 5820 vetarijuust
1524 5750 1694 5824 (Christus),
1705 5771 1775 5811 sues
1786 5754 1888 5838 utique

182 5824 228 5882 11.
246 5822 339 5882 Rabbi
356 5825 446 5884 etiem
462 5770 589 5900 Notion,
609 5825 640 5882 in
655 5822 763 5894 druch,
778 5823 833 5882 veli
852 5821 1007 5895 scipiadum
1064 5823 1158 5883 multo
1179 5823 1287 5897 magis.
1300 5843 1311 5870 ι
1322 5821 1374 5879 llis
1385 5823 1458 5879 adde
1470 5821 1889 5896 quadcctissimusl‘amelrus
