4068 6186
215 333 277 396 ’103
476 333 741 402 lueuuhtlltttt
763 333 925 397 ovuttuhl
947 333 1047 394 Plus
1069 333 1092 394 1.
1111 365 1151 378 ·-·
1166 333 1305 396 suetus
1327 333 1352 408 t,
1374 331 1656 397 seohouu'rtca.
1834 337 1887 398 titt

217 466 357 518 memorat
372 477 379 529 ς
396 459 500 534 quippe
516 461 566 518 viri
581 459 713 520 muliebri
729 459 825 519 habitu
851 460 1004 518 mulierum
1032 475 1183 532 personam
1212 461 1242 518 ia
1267 476 1353 520 soene
1379 459 1510 534 agebant.
1538 461 1638 518 Postea
1664 461 1777 520 ostendit
1800 460 1889 520 iterem
1993 523 1994 542 3

217 550 444 624 spectaculorum
460 568 542 608 usum
559 569 620 610 esse
648 552 789 625 baptismo
804 551 989 620 contrarium,
1005 551 1140 624 ipsosque
1154 552 1276 624 gentiles
1297 552 1473 611 Christianos
1500 570 1517 610 a
1545 553 1660 625 repudio
1687 551 1890 625 spectaculorum

218 639 393 711 distinguere
426 641 616 700 consuevisse.
643 643 768 700 Tendere
797 641 928 714 exemplu
948 642 1004 699 duo
1026 642 1142 700 adducit
1164 641 1390 700 Christianorum
1413 649 1528 714 prepter
1556 643 1727 716 l'requentetu
1749 645 1891 714 spectacula

218 729 396 802 punitorum.
429 730 501 787 Dein
526 731 690 788 exhortetur
713 731 898 800 Christianos,
923 738 953 788 et
974 731 1005 788 in
1028 731 1181 803 gemitibus
1201 732 1248 789 hie
1265 734 1349 790 sitam
1365 733 1478 806 degant,
1494 733 1563 790 dum
1576 732 1695 807 gentiles
1722 732 1893 804 uoluptatibus

223 835 286 875 sese
301 819 485 892 immergunt,
498 819 627 892 nihilque
641 819 731 892 rnugis
745 821 775 877 iu
799 821 869 878 retis
893 820 1025 888 bebeant.
1051 837 1136 894 quam
1159 822 1235 879 crire
1258 823 1293 878 du
1322 821 1375 880 hoc
1390 822 1505 893 smculc,
1521 829 1551 878 ut
1566 822 1601 878 ud
1616 821 1705 880 Deum
1729 820 1887 894 perveniant.

219 907 326 967 Veiens
341 915 436 966 eutem
451 911 599 967 ostendere
628 910 820 967 'tertullianus
848 926 978 982 quaeeam
1006 911 1065 968 sint
1096 910 1254 983 voluptates
1280 918 1307 969 et
1335 911 1553 979 oblectamenta,
1583 926 1645 984 que
1667 909 1829 968 Christianus
1854 911 1894 968 de·

219 1005 296 1068 cent,
322 997 437 1055 scribit:
455 1021 469 1050 ιι
485 1001 552 1066 Qeae
568 999 656 1070 maJ‘er
671 1000 811 1072 voluptas,
828 1015 914 1072 quam
930 1000 1076 1058 festidium
1092 999 1182 1073 ipsius
1205 999 1368 1074 voluptatis,
1391 1017 1477 1074 quum
1499 1000 1596 1058 secuti
1618 1000 1702 1058 totius
1727 1006 1896 1069 contemptus,

221 1103 306 1160 quarn
322 1104 386 1145 vcra
401 1087 528 1160 libertas,
543 1105 628 1161 quam
643 1090 984 1164 censcienlieintegra...
1017 1091 1092 1162 quod
1120 1090 1213 1148 culeus
1236 1091 1306 1150 deos
1329 1090 1490 1162 nationem,
1518 1091 1593 1162 quod
1621 1089 1759 1147 demonia
1785 1087 1896 1160 expellis,

221 1177 295 1246 quod
310 1177 467 1234 medicinas
481 1177 564 1247 lacis,
589 1179 663 1250 qnod
694 1178 880 1236 revolutiones
907 1177 990 1251 petis,
1019 1179 1097 1236 090
1117 1180 1192 1252 quod
1216 1179 1274 1238 Deo
1298 1177 1392 1238 vivis?
1415 1181 1463 1238 lire
1481 1179 1650 1253 uoluptates,
1673 1177 1733 1236 brec
1758 1177 1899 1250 spectacula

220 1263 455 1336 Christianorum,
472 1274 579 1335 sancta,
596 1275 740 1340 perpetus,
756 1267 886 1339 gratuite.
903 1289 917 1319 a
934 1268 1062 1326 Tandem
1076 1285 1182 1341 agones
1199 1277 1364 1344 martyrum,
1380 1269 1543 1342 passionem
1559 1269 1591 1325 Ι).
1608 1267 1643 1328 Ν.
1665 1268 1691 1324 J.
1716 1266 1821 1335 Christi,
1848 1281 1898 1338 pro-

220 1353 359 1426 pinquum
374 1355 454 1414 illius
468 1358 630 1427 adventurn,
644 1357 786 1428 iudicium
800 1367 970 1427 extremum,
987 1375 1086 1430 poenus
1101 1358 1254 1432 impiorum
1266 1367 1396 1432 aeternas,
1412 1359 1584 1432 premiaque
1598 1357 1746 1429 bonorem,
1762 1363 1791 1414 et
1815 1354 1898 1412 sedule

220 1445 460 1520 contemplentur,
477 1445 612 1504 hortetur.
630 1446 733 1506 thur.

491 1691 607 1749 CAPUT
624 1692 774 1750 PRIMUM.
1060 1696 1088 1764 A
1104 1692 1207 1752 niones
1220 1693 1409 1751 ethnicorum
1421 1693 1693 1764 blandientemque
1704 1694 1713 1730 ¹
1724 1691 1753 1747 in
1767 1689 1902 1748 ietacunsa

258 1778 312 1844 eui
332 1783 427 1837 status
452 1780 585 1854 lldoi(i),
615 1799 678 1854 que
702 1782 776 1838 ratio
798 1781 940 1852 veritatis,
969 1784 1046 1854 qued
1102 1782 1243 1839 adversus
1259 1800 1313 1839 nos
1328 1783 1368 1838 ita
1383 1789 1581 1852 argumentari
1598 1783 1823 1840 consueverunt:
1842 1777 1902 1834 nihil

223 1869 426 1941 prescriptum
451 1870 623 1942 discipline.
640 1871 716 1928 inter
743 1875 846 1928 cetere
861 1870 1045 1928 secularium
1101 1871 1270 1943 obstrepere
1285 1871 1417 1943 religioni
1435 1871 1475 1944 (i)
1509 1872 1539 1927 in
1555 1870 1655 1928 enimc
1669 1874 1699 1928 et
1721 1867 1902 1926 consuiantin¹

223 1973 367 2024 errorum,
383 1957 471 2014 etiem
500 1958 735 2030 spectaculorum
763 1959 927 2032 voluptutee
938 1961 978 2032 (2)
994 1960 1046 2016 nd·
1100 1962 1182 2017 tenta
1201 1959 1304 2017 eolalie
1326 1961 1509 2018 extrinsecus
1534 1959 1688 2018 oculorum
1716 1958 1759 2015 vel
1786 1957 1902 2014 aurium:

223 2045 306 2114 imat,
326 2048 375 2102 Dei
390 2046 465 2102 servi
482 2047 657 2119 cognoscite,
680 2048 731 2120 qui
759 2065 827 2105 cum
858 2049 984 2105 menime
1010 2049 1044 2106 ud
1101 2063 1234 2104 necuere
1252 2049 1463 2106 Deemollendi
1488 2048 1684 2107 oblectatione
1701 2045 1833 2117 hominis,
1845 2061 1902 2117 qna,

221 2139 315 2192 Deum
331 2135 705 2209 acceditis3reeegnoecite,
731 2137 781 2210 qui
808 2138 872 2210 jem
888 2138 1047 2195 accessisse
1101 2138 1182 2194 selvo
1195 2153 1264 2210 erge
1279 2137 1370 2195 Deum
1387 2142 1466 2196 metu
1482 2142 1511 2196 ct
1522 2137 1705 2207 honoresue
1716 2137 1745 2193 in
1761 2137 1904 2209 temporeet

224 2223 434 2281 vestesiilleuti
449 2229 479 2280 et
492 2226 617 2282 contessi
633 2226 716 2294 estis,
742 2241 778 2282 ne
806 2233 858 2283 aut
884 2226 1047 2300 ignorando
1102 2243 1155 2283 suo
1170 2225 1200 2282 in
1217 2225 1280 2283 loco
1296 2227 1364 2298 irei,
1380 2227 1479 2285 scelus
1492 2244 1550 2284 non
1566 2227 1617 2284 sit.
1648 2225 1755 2300 Atquin
1782 2225 1831 2281 boo
1849 2237 1903 2278 oum

225 2313 893 2387 auidissimelendoquispeccet.'1'enteenim
910 2315 1049 2372 visvolu·
1103 2315 1230 2372 maxime
1259 2333 1398 2388 purumne
1427 2318 1641 2387 demonstrare,
1680 2312 1905 2390 quemadmodum

226 2407 351 2476 ptatem,
371 2407 404 2459 ut
427 2409 456 2459 et
481 2403 676 2476 ignorantiam
697 2405 822 2477 protelet
850 2404 879 2460 in
918 2404 1048 2462 eccesie·
1103 2403 1568 2478 isthoec'noncomputantsere
1585 2404 1719 2479 religioni
1744 2408 1772 2460 et
1793 2399 1908 2459 veroob·

226 2507 292 2548 nem
309 2491 360 2565 (3),
375 2496 404 2548 et
419 2493 628 2549 conscientium
645 2498 814 2567 corrumpet
828 2493 858 2550 in
875 2493 1049 2550 dissimula·
1103 2493 1207 2566 eeqeio
1223 2510 1290 2566 erga
1309 2495 1400 2551 Deern
1418 2511 1532 2564 verum,
1557 2495 1634 2552 Sunt
1661 2495 1712 2567 qui
1740 2485 1910 2549 existiment*

225 2581 346 2638 tionem.
369 2581 412 2636 Ad
441 2586 611 2655 utrumque,
640 2582 737 2639 adhue
765 2584 864 2640 lorsan
888 2583 1051 2656 alicuiepi·
1103 2582 1285 2640 Christianos
1299 2583 1319 2654 ⁸,
1336 2583 1504 2656 expeditum
1520 2584 1595 2640 ⁰81
1613 2583 1704 2640 morti
1719 2596 1808 2656 genus
1821 2579 1865 2650 (5),
1879 2573 1908 2630 ad

889 2701 992 2765 Verior
1010 2699 1169 2764 lectiones.

282 2805 290 2842 ¹
307 2800 400 2869 Qeiin
415 2803 503 2861 Semi.
519 2804 605 2862 'Tua
618 2805 681 2862 edd.
697 2806 806 2864 rrae·
820 2807 879 2864 Iste
895 2804 999 2879 llipudt.
1014 2807 1026 2840 ⁸
1041 2804 1217 2864 Existimant
1230 2805 1331 2876 liiqett.
1348 2804 1573 2864 ⁸Christianum
1587 2805 1675 2864 Semi.

912 2924 1170 2988 Commentarius.

263 3029 301 3104 (1)
318 3029 373 3098 Qut
386 3037 470 3086 eteius
481 3029 558 3101 fidei.
574 3032 720 3104 Scriptum
749 3031 829 3089 bueo
856 3031 965 3088 librum
996 3049 1054 3089 non
1109 3028 1139 3086 div
1168 3049 1210 3092 τις
1244 3028 1309 3093 τοὺς
1350 3028 1536 3086 ἁπὸΜωυσοῦ
1564 3029 1609 3085 καὶ
1637 3029 1760 3104 Χριστοῦ
1819 3017 1913 3080 relidi·

230 3101 342 3172 adjum
357 3101 539 3159 Christianos
556 3109 681 3174 tuntum,
701 3105 796 3160 sedet
823 3093 1322 3174 CnteebemunoeBicuv·aCitius
1351 3103 1499 3176 quispiam
1527 3103 1712 3176 coeldopsen
1740 3105 1769 3159 et
1804 3099 1912 3154 hristum

229 3175 658 3244 quosueotoroudierrtessoleh
684 3192 865 3247 nuncupare,
894 3181 1055 3249 petettnm
1111 3175 1276 3232 dedeceret.
1294 3195 1309 3224 e
1323 3176 1404 3239 Quod
1423 3173 1576 3258 usurpavit
1589 3173 1732 3241 Galenus,
1761 3171 1810 3228 lib.
1837 3164 1913 3224 tritt

230 3261 264 3302 ex
275 3245 373 3302 verbis
387 3245 473 3302 istis:
500 3267 512 3298 u
539 3245 590 3303 Dei
606 3246 691 3314 servi,
719 3249 895 3320 cognoscite,
919 3248 971 3320 qui
998 3264 1056 3303 ren·
1110 3247 1170 3320 diff.
1894 3307 1898 3316 ,

229 3316 309 3372 xime
323 3317 360 3371 ed
374 3321 465 3371 Deum
480 3317 628 3384 acceditis,
645 3341 660 3368 »
675 3335 739 3390 que
754 3319 792 3374 ed
804 3319 1054 3376 catechumenos:
1110 3263 1255 3391 Apoliinis
1268 3317 1420 3374 oraculum
1436 3323 1564 3388 notatur,
1590 3316 1754 3374 sciscitanti
1776 3311 1915 3384 Porphyrm

230 3393 294 3442 tem
310 3402 344 3442 ex
358 3386 433 3444 illis:
450 3409 464 3438 e
480 3387 688 3461 Recognoscite
699 3390 748 3458 qui
760 3390 823 3462 jam
839 3391 1056 3448 accessissevos
1110 3406 1167 3462 qua
1182 3389 1295 3446 ratione
1309 3391 1345 3446 eh
1360 3390 1584 3446 Christianismo
1599 3391 1757 3474 conjugem
1784 3399 1860 3468 seam
1879 3393 1915 3434 re·

230 3457 378 3515 testificati
389 3459 552 3516 etoonlesei
567 3461 748 3532 estie,»quod
768 3463 872 3533 adjam
884 3463 1056 3534 baptizatos,
1109 3477 1212 3517 vocare
1227 3467 1335 3533 posset,
1353 3460 1567 3534 respondentis,
1583 3459 1806 3533 lucilresipsum
1819 3455 1916 3512 lrtteret

232 3529 364 3613 quilldei
379 3529 614 3589 testiiicetionem
628 3532 659 3589 in
685 3533 833 3606 baptismo
857 3534 1055 3603 reddiderant,
1110 3532 1325 3604 impresseram
1346 3533 1459 3591 llumini
1488 3531 1690 3606 rapidissimo,
1717 3535 1768 3589 aut
1790 3544 1838 3603 per
1861 3535 1917 3580 eet!

231 3600 553 3756 poiiiniiieitiaiielorem
575 3675 736 3756 voluptates.
769 3673 844 3732 Illud
870 3681 915 3734 eet
930 3676 1057 3749 prolecto
1110 3605 1377 3743 voffuiiiiiiiiicirigi,
1392 3673 1549 3768 expeditum
1567 3674 1653 3730 morti
1666 3689 1763 3744 penus
1779 3667 1859 3737 Quasi
1869 3663 1916 3719 det·

233 3745 311 3816 qued
326 3744 399 3800 dtxti
412 3745 443 3800 B.
458 3744 634 3804 Athanasius
648 3746 729 3804 hem.
754 3747 790 3803 de
803 3748 881 3806 Sem.
898 3748 1057 3823 desuperiu-
1111 3745 1263 3816 ouvusioue,
1290 3742 1546 3874 gadeurobevuucflr
1581 3738 1715 3818 abdicet,
1739 3733 1915 3817 supercrevis-

233 3812 524 3884 stechelechter.
1111 3815 1265 3892 vsepioeer.
1313 3820 1411 3886 aulus,
1440 3821 1476 3876 ad
1506 3819 1556 3877 Phi
1571 3819 1632 3891 ipp.
1661 3835 1728 3892 cap.
1757 3832 1790 3878 tr.
1810 3811 1915 3880 delica-

270 3889 308 3961 (3)
321 3889 352 3946 ur
366 3890 554 3972 ignoruntium
576 3889 690 3961 protelet
720 3891 752 3946 in
766 3893 947 3950 occasionem.
964 3893 1059 3949 'Pente
1112 3891 1248 3965 phrodito
1277 3889 1360 3966 μίχρι
1389 3890 1505 3955 θανάτου
1545 3887 1655 3964 intus,
1694 3879 1916 3962 erepahoisess‘pi·

233 3962 289 4032 est,
304 3958 597 4033 lnquit,voleptetem
610 3962 665 4030 vis,
675 3966 707 4019 ut
718 3960 868 4020 bominem
880 3980 968 4021 suum
982 3969 1059 4020 tam·
1112 3982 1158 4024 νος
1171 3964 1207 4037 τῇ
1222 3964 1310 4038 ψυχῇ.
1319 3967 1393 4019 Nem
1404 3963 1445 4020 ita
1458 3962 1566 4046 legitur
1579 3963 1610 4019 in
1626 3960 1825 4020 vetustissimo
1834 3969 1918 4013 mem·

234 4032 284 4087 diu
301 4033 398 4089 doceri
412 4031 485 4089 nolit
495 4032 613 4089 vitands
627 4049 692 4090 esse
712 4033 876 4093 Christiano
892 4035 1061 4108 spectacula
1113 4035 1186 4108 plari
1202 4035 1250 4092 ubi
1266 4040 1296 4091 et
1310 4033 1411 4092 Latina
1425 4050 1521 4092 versuo
1545 4032 1587 4091 sic
1602 4031 1718 4090 babet:
1748 4025 1918 4112 Parabolatue

237 4104 378 4176 quamdiu
392 4103 543 4176 epectendi
555 4104 668 4162 occasio
684 4107 859 4178 sperabitur.
875 4107 1061 4165 Hacinsenia
1114 4107 1150 4164 de
1164 4107 1263 4163 anima
1277 4122 1342 4162 sua.
1358 4104 1555 4164 Auctorillius
1576 4104 1725 4163 versionis
1743 4097 1919 4161 addubitavit,

234 4175 322 4232 etium
339 4173 390 4232 evi
405 4175 451 4232 sei
467 4174 648 4233 Christienes
658 4175 1061 4253 leburussuqueritnrhnge-
1114 4179 1272 4236 dicendum
1287 4176 1344 4235 sihi
1360 4181 1448 4245 esset,
1462 4177 1638 4251 peruhotutus
1651 4177 1781 4235 autemut
1806 4187 1878 4230 suum
1890 4181 1920 4222 ee

236 4248 335 4304 etinus
354 4250 383 4303 iu
412 4248 479 4304 Psoi
516 4264 588 4304 nxxv
605 4265 612 4305 :
630 4270 645 4298 u
671 4253 747 4306 Sunt
772 4257 872 4308 antem
887 4253 973 4310 multi
1002 4267 1061 4308 non
1112 4248 1642 4323 purcbeietusdceaimusuu.iiodem
1671 4265 1741 4306 vero
1764 4253 1921 4322 sensusco-

237 4319 326 4392 digne
339 4318 469 4376 viventes
484 4320 631 4401 beptieme
646 4335 732 4392 quem
749 4329 951 4407 perceperunt.
967 4323 1061 4389 Quem
1115 4327 1161 4379 tor
1175 4321 1306 4379 ilistoriae
1320 4321 1437 4394 tripart.
1454 4321 1527 4378 dixit
1541 4319 1685 4403 artillcam
1699 4309 1919 4448 quboiumilb·

238 4391 572 4465 multisnimhaptraati
601 4391 689 4448 hodie
707 4392 1058 4469 cironmrmplerequam
1116 4391 1755 4461 st,subsrnemscrudelishestreerlrex,
1785 4381 1923 4464 parabolus

238 4462 326 4519 istam
343 4461 496 4520 basilicam
512 4460 730 4520 malueruntia
756 4465 794 4522 hs
811 4466 861 4524 Pe.
1073 4459 1095 4528 G
1114 4468 1234 4539 pugnet.
1248 4463 1330 4532 Quod
1345 4466 1487 4532 Socrates,
1504 4465 1574 4522 dist.
1599 4479 1649 4530 vir,
1667 4463 1793 4528 dixerut,
1817 4447 1922 4538 cuprio·

274 4533 313 4606 (i)
330 4532 488 4606 obstrepere
500 4535 641 4607 retiptoua'.
660 4534 788 4593 Verbum
810 4554 862 4610 pro
876 4537 1019 4610 impedire
1030 4541 1060 4594 et
1114 4534 1289 4608 tsecdpevor.
1319 4535 1441 4594 Minime
1467 4539 1564 4593 aetem
1593 4534 1813 4608 lbpuphroditus
1828 4601 1835 4614 Ι
1849 4527 1923 4604 aliive

239 4619 304 4662 essa
318 4605 480 4665 obstaculo.
496 4605 621 4663 Omnino
649 4608 727 4679 quod
742 4613 851 4667 senece
873 4625 919 4683 ep.
936 4611 997 4673 115.
1012 4609 1059 4665 ob·
1113 4607 1272 4666 christiani
1285 4606 1377 4665 vitam
1401 4623 1486 4666 suam
1513 4607 1555 4664 itu
1582 4606 1732 4681 sprevisse
1755 4595 1923 4683 existimandi

238 4676 411 4750 strigilium:
422 4683 450 4734 et
464 4679 542 4752 quod
557 4679 691 4750 synodus
713 4679 876 4740 tricastina
902 4683 940 4739 ad
967 4679 1059 4738 Nicel.
1114 4685 1196 4750 eunt,
1213 4679 1299 4751 qnasi
1313 4679 1511 4738 obstinatione
1532 4678 1597 4737 sole
1610 4677 1775 4742 temerarii,
1789 4673 1923 4758 perditast

239 4747 292 4806 Pl’.
308 4747 456 4808 obdidere:
473 4767 536 4824 que
552 4750 610 4808 duo
625 4751 714 4809 verbu
742 4758 844 4811 notare
859 4751 948 4825 volui,
964 4758 996 4811 ut
1010 4769 1060 4828 pe·
1114 4751 1263 4825 desperati
1277 4756 1400 4810 mortem
1422 4755 1603 4830 oppeterent,
1630 4749 1701 4806 κατὰ
1715 4743 1800 4824 ψιλήν
1813 4756 1922 4831 eccm·

240 4817 451 4878 cellariuhlc.
1115 4822 1163 4896 ξιν·
1177 4823 1256 4890 Quod
1275 4823 1389 4896 putavit
1408 4823 1447 4879 lt.
1475 4823 1618 4880 Antonine
1645 4821 1702 4880 lib.
1731 4823 1768 4878 ds
1792 4817 1856 4900 Vite
1879 4825 1925 4870 etti

275 4893 314 4965 (5)
338 4891 516 4961 Christianos,
545 4893 702 4969 expeditum
730 4897 813 4953 morti
839 4911 934 4965 peram.
963 4893 1061 4952 Arria·
1115 4896 1223 4953 endec.
1242 4893 1351 4952 Verum
1379 4893 1627 4966 semmojudiolo,
1643 4895 1923 4950 cummutationem

239 4980 297 5022 nes
319 4966 361 5051 ,ad
391 4965 565 5038 Epictetum,
594 4966 646 5023 lib.
673 4983 712 5038 rv,
736 4969 857 5052 capul,
882 4966 1061 5052 christiane·
1115 4965 1270 5052 prudentie
1286 4965 1465 5040 paratissimi
1480 4955 1925 5052 sempereranntudmertomlor·

238 5036 607 5096 ruminebeendemorte
654 5055 686 5096 ro
710 5039 818 5097 Cbrretr
838 5039 1063 5097 nomineebstr-
1115 5039 1367 5097 trterobeuadam
1382 5054 1434 5112 pro
1449 5035 1557 5096 Christi
1585 5053 1716 5106 nomine,
1750 5035 1805 5093 hoc
1830 5034 1925 5154 ”²5¹⁰

238 5109 399 5175 nationem,
418 5127 475 5166 neu
496 5109 585 5166 ierori
602 5115 638 5165 tri
663 5111 714 5172 uit.
743 5113 791 5167 sed
821 5111 889 5167 ritui
918 5115 1063 5168 etussue-
1116 5111 1237 5170 veritate
1252 5111 1319 5168 lidei
1335 5109 1515 5180 Christianus,
1545 5107 1598 5165 ἀπὸ
1623 5103 1716 5180 ῐδικῆς
1745 5103 1864 5184 repleret.
1905 5113 1926 5148 ⁸·

242 5181 354 5238 tudini:
384 5180 440 5236 Υπὸ
470 5180 567 5254 μανίας
598 5181 645 5254 μὲν
676 5178 785 5236 δύναται
814 5181 863 5244 ’τις
893 5181 979 5244 οὕτως
1003 5177 1062 5236 δια·
1117 5179 1358 5258 λογισμένως,καὶ
1378 5181 1574 5254 σιμνῶς.Βιῦ.
1770 5229 1777 5242 .

238 5253 348 5322 τεθῆναι
372 5253 441 5326 πρὸς
469 5255 562 5320 ταῦτα,
586 5251 631 5308 καὶ
667 5251 718 5307 ὑπὸ
744 5252 820 5314 ἔθους
848 5253 874 5309 cl
889 5250 1061 5310 Γαλιλαοῖοι,
1153 5255 1363 5327 -Ecpetit'tttm
1377 5255 1568 5325 mortigerus.
1584 5249 1675 5308 Mults
1691 5251 1722 5307 in
1750 5249 1829 5306 huuc
1845 5243 1927 5316 locem

239 5325 298 5382 Nos
313 5324 402 5382 telem
417 5327 507 5382 ritum
523 5323 723 5398 agnoscimus,
734 5325 1063 5384 etconetuntissimere-
1119 5325 1265 5399 Rigeltlus
1280 5326 1316 5382 de
1329 5341 1398 5383 voce
1411 5317 1606 5400 mpuhcimcd
1659 5341 1714 5389 oe,
1743 5309 1929 5408 quibuestaddt

240 5397 394 5453 tinendem
411 5397 542 5466 scimes;
561 5396 752 5453 imelnrorun
774 5412 839 5454 esse
857 5414 916 5456 non
943 5397 1063 5471 negabi·
1118 5402 1214 5470 potest
1241 5396 1315 5454 illud
1344 5396 1499 5470 Hesychii:
1529 5399 1606 5470 ssepe
1624 5389 1727 5449 elsoeai
1764 5409 1817 5472 νοςΙ
1837 5405 1871 5446 ets
1893 5391 1929 5462 l?-

242 5484 321 5538 mus,
337 5469 388 5525 eed
404 5469 608 5538 sanctum,ued
624 5467 713 5524 divini
726 5467 854 5541 Spiritus
869 5469 1001 5526 silletum
1016 5484 1063 5525 ve·
1117 5467 1197 5522 νατὸν
1213 5467 1306 5522 ἑαυτὸν
1323 5463 1429 5532 lebete.
1447 5468 1601 5551 Legendue
1614 5469 1686 5526 item
1710 5413 1888 5536 ub'eancoes
1904 5466 1928 5506 tt

241 5539 464 5609 heniochorum,
480 5540 531 5613 qui
546 5556 616 5596 euos
630 5543 696 5612 egui
711 5539 858 5596 incitatos.
869 5540 963 5613 liujus
977 5557 1064 5598 cons·
1118 5539 1217 5612 ecloge
1243 5538 1407 5597 dictionem
1434 5540 1596 5596 Atticarum
1626 5537 1660 5596 ud
1691 5551 1794 5618 vocem
1820 5515 1928 5612 mpii-

241 5612 340 5666 tnntias
364 5611 488 5684 gloriam
516 5611 624 5668 ethnici
638 5611 846 5668 obstinationis
870 5611 1065 5685 appellatione
1119 5607 1191 5666 brev.
1206 5610 1315 5676 Quade
1327 5628 1359 5668 re
1374 5627 1428 5668 noe
1443 5609 1583 5669 nonnulla
1610 5608 1741 5667 diximus
1764 5621 1795 5662 rn
1815 5606 1886 5658 notre
1898 5593 1928 5650 td

242 5683 372 5739 deterere
412 5684 606 5748 conabantur,
648 5683 779 5756 udaeque
808 5682 885 5738 inter
911 5685 1065 5756 proverbia
1118 5681 1213 5740 close.
1229 5681 1410 5743 druco-het.
1426 5698 1495 5757 pag.
1525 5682 1589 5752 tii,
1615 5682 1670 5740 col.
1699 5681 1727 5746 l,
1755 5675 1808 5738 liu·
1837 5671 1874 5728 19·
1897 5667 1928 5723 ¹²¹

243 5769 341 5812 rerem
371 5754 492 5814 minime
518 5755 731 5831 sperandarum
760 5753 1065 5814 dictitabunt:hitsaav
1118 5753 1172 5814 Pa.

1205 3246 1260 3320 ets.
1277 3245 1312 3302 et
1325 3249 1362 3301 ab
1376 3252 1555 3320 Augustino,
1571 3246 1622 3302 lib.
1649 3246 1684 3303 de
1705 3244 1784 3301 ciue.
1799 3241 1855 3308 nsi,
1866 3251 1915 3304 ¹1¹2
1998 3271 1999 3312 3
