<?xml version="1.0" encoding="UTF-8"?>
<!DOCTYPE html PUBLIC "-//W3C//DTD XHTML 1.0 Transitional//EN"
    "http://www.w3.org/TR/xhtml1/DTD/xhtml1-transitional.dtd">
<html xmlns="http://www.w3.org/1999/xhtml" xml:lang="en" lang="en">
 <head>
  <title>
</title>
<meta http-equiv="Content-Type" content="text/html;charset=utf-8" />
  <meta name='ocr-system' content='tesseract 3.04.00' />
  <meta name='ocr-capabilities' content='ocr_page ocr_carea ocr_par ocr_line ocrx_word'/>
</head>
<body>
  <div class='ocr_page' id='page_1' title='image "./patrologiaecurs98unkngoog_0119.png"; bbox 0 0 4050 6186; ppageno 0'>
   <div class='ocr_carea' id='block_1_1' title="bbox 197 306 1898 376">
    <p class='ocr_par' dir='ltr' id='par_1_1' title="bbox 197 306 1898 376">
     <span class='ocr_line' id='line_1_1' title="bbox 197 306 1898 376; baseline -0.004 -3"><span class='ocrx_word' id='word_1_1' title='bbox 197 313 258 373; x_wconf 77' lang='grc'><strong>227</strong></span> <span class='ocrx_word' id='word_1_2' title='bbox 798 307 1014 372; x_wconf 78' lang='lat' dir='ltr'><strong>Paaauoxa</strong></span> <span class='ocrx_word' id='word_1_3' title='bbox 1036 306 1302 371; x_wconf 75' lang='lat' dir='ltr'><strong>nauauuulant</strong></span> <span class='ocrx_word' id='word_1_4' title='bbox 1840 314 1898 376; x_wconf 73' lang='lat'><strong>228</strong></span> 
     </span>
    </p>
   </div>
   <div class='ocr_carea' id='block_1_2' title="bbox 195 439 1902 1226">
    <p class='ocr_par' dir='ltr' id='par_1_2' title="bbox 195 439 1902 1226">
     <span class='ocr_line' id='line_1_2' title="bbox 196 439 1897 522; baseline 0 -19"><span class='ocrx_word' id='word_1_5' title='bbox 196 442 572 518; x_wconf 82' lang='lat' dir='ltr'><strong>manamtranadgnrabilis</strong></span> <span class='ocrx_word' id='word_1_6' title='bbox 592 444 628 500; x_wconf 83' lang='lat' dir='ltr'><strong>cd</strong></span> <span class='ocrx_word' id='word_1_7' title='bbox 657 445 788 516; x_wconf 89' lang='lat' dir='ltr'><strong>tempus,</strong></span> <span class='ocrx_word' id='word_1_8' title='bbox 813 445 847 499; x_wconf 89' lang='lat' dir='ltr'><strong>ut</strong></span> <span class='ocrx_word' id='word_1_9' title='bbox 872 439 964 498; x_wconf 81' lang='lat' dir='ltr'><strong>videri</strong></span> <span class='ocrx_word' id='word_1_10' title='bbox 992 441 1021 496; x_wconf 88' lang='lat' dir='ltr'><strong>at</strong></span> <span class='ocrx_word' id='word_1_11' title='bbox 1035 453 1062 522; x_wconf 67' lang='grc' dir='ltr'><strong>Α</strong></span> <span class='ocrx_word' id='word_1_12' title='bbox 1077 439 1116 496; x_wconf 90' lang='lat' dir='ltr'><strong>tis</strong></span> <span class='ocrx_word' id='word_1_13' title='bbox 1130 439 1180 496; x_wconf 90' lang='lat' dir='ltr'><strong>lib.</strong></span> <span class='ocrx_word' id='word_1_14' title='bbox 1196 439 1335 497; x_wconf 75' lang='lat' dir='ltr'><strong>dederas</strong></span> <span class='ocrx_word' id='word_1_15' title='bbox 1361 443 1467 501; x_wconf 73' lang='lat' dir='ltr'><strong>animae</strong></span> <span class='ocrx_word' id='word_1_16' title='bbox 1495 443 1561 500; x_wconf 89' lang='lat' dir='ltr'><strong>adv.</strong></span> <span class='ocrx_word' id='word_1_17' title='bbox 1592 444 1742 518; x_wconf 72' lang='lat' dir='ltr'><strong>Hermog„</strong></span> <span class='ocrx_word' id='word_1_18' title='bbox 1771 450 1897 519; x_wconf 85' lang='lat' dir='ltr'><strong>constat,</strong></span> 
     </span>
     <span class='ocr_line' id='line_1_3' title="bbox 196 527 1898 608; baseline 0.001 -16"><span class='ocrx_word' id='word_1_19' title='bbox 196 533 335 608; x_wconf 77' lang='lat' dir='ltr'><strong>congredi</strong></span> <span class='ocrx_word' id='word_1_20' title='bbox 349 549 415 588; x_wconf 92' lang='lat' dir='ltr'><strong>cum</strong></span> <span class='ocrx_word' id='word_1_21' title='bbox 429 531 599 588; x_wconf 91' lang='lat' dir='ltr'><strong>hominibus</strong></span> <span class='ocrx_word' id='word_1_22' title='bbox 612 531 735 605; x_wconf 76' lang='lat' dir='ltr'><strong>possint.</strong></span> <span class='ocrx_word' id='word_1_23' title='bbox 748 553 762 582; x_wconf 87' lang='lat'>»</span> <span class='ocrx_word' id='word_1_24' title='bbox 778 532 813 587; x_wconf 81' lang='lat' dir='ltr'><strong>Et</strong></span> <span class='ocrx_word' id='word_1_25' title='bbox 826 527 1019 601; x_wconf 88' lang='lat' dir='ltr'><strong>apertiuslib.</strong></span> <span class='ocrx_word' id='word_1_26' title='bbox 1077 529 1207 586; x_wconf 80' lang='lat' dir='ltr'>sensisse</span> <span class='ocrx_word' id='word_1_27' title='bbox 1222 529 1306 586; x_wconf 93' lang='lat' dir='ltr'><strong>illum</strong></span> <span class='ocrx_word' id='word_1_28' title='bbox 1324 531 1453 588; x_wconf 88' lang='lat' dir='ltr'><strong>animam</strong></span> <span class='ocrx_word' id='word_1_29' title='bbox 1470 531 1556 606; x_wconf 84' lang='lat' dir='ltr'><strong>longe</strong></span> <span class='ocrx_word' id='word_1_30' title='bbox 1576 533 1634 590; x_wconf 85' lang='lat' dir='ltr'><strong>Deo</strong></span> <span class='ocrx_word' id='word_1_31' title='bbox 1656 534 1836 606; x_wconf 83' lang='lat' dir='ltr'><strong>inferiorem,</strong></span> <span class='ocrx_word' id='word_1_32' title='bbox 1853 542 1898 594; x_wconf 91' lang='lat' dir='ltr'><strong>ut·</strong></span> 
     </span>
     <span class='ocr_line' id='line_1_4' title="bbox 195 617 1901 692; baseline 0 -11"><span class='ocrx_word' id='word_1_33' title='bbox 195 624 228 681; x_wconf 83' lang='lat' dir='ltr'><strong>dc</strong></span> <span class='ocrx_word' id='word_1_34' title='bbox 243 626 394 679; x_wconf 82' lang='lat' dir='ltr'><strong>Resurrect.</strong></span> <span class='ocrx_word' id='word_1_35' title='bbox 410 637 501 688; x_wconf 63' lang='lat' dir='ltr'><strong>cora,</strong></span> <span class='ocrx_word' id='word_1_36' title='bbox 526 635 552 676; x_wconf 91' lang='lat' dir='ltr'><strong>c.</strong></span> <span class='ocrx_word' id='word_1_37' title='bbox 577 621 613 675; x_wconf 86' lang='grc'><strong>62</strong></span> <span class='ocrx_word' id='word_1_38' title='bbox 629 637 636 675; x_wconf 91' lang='lat'>:</span> <span class='ocrx_word' id='word_1_39' title='bbox 652 643 666 671; x_wconf 72' lang='grc' dir='ltr'><strong>ι(</strong></span> <span class='ocrx_word' id='word_1_40' title='bbox 691 620 764 686; x_wconf 85' lang='lat' dir='ltr'><strong>Quia</strong></span> <span class='ocrx_word' id='word_1_41' title='bbox 792 624 821 675; x_wconf 90' lang='lat' dir='ltr'><strong>et</strong></span> <span class='ocrx_word' id='word_1_42' title='bbox 848 617 957 692; x_wconf 86' lang='lat' dir='ltr'><strong>angeli,</strong></span> <span class='ocrx_word' id='word_1_43' title='bbox 980 617 1022 673; x_wconf 92' lang='lat' dir='ltr'><strong>in·</strong></span> <span class='ocrx_word' id='word_1_44' title='bbox 1076 621 1144 690; x_wconf 89' lang='lat' dir='ltr'><strong>pots</strong></span> <span class='ocrx_word' id='word_1_45' title='bbox 1159 617 1329 691; x_wconf 90' lang='lat' dir='ltr'><strong>passibilem</strong></span> <span class='ocrx_word' id='word_1_46' title='bbox 1351 620 1407 675; x_wconf 87' lang='lat' dir='ltr'><strong>etsi</strong></span> <span class='ocrx_word' id='word_1_47' title='bbox 1432 620 1638 680; x_wconf 81' lang='lat' dir='ltr'><strong>immortalem.</strong></span> <span class='ocrx_word' id='word_1_48' title='bbox 1665 626 1699 680; x_wconf 84' lang='lat' dir='ltr'><strong>Et</strong></span> <span class='ocrx_word' id='word_1_49' title='bbox 1721 639 1789 681; x_wconf 86' lang='lat' dir='ltr'><strong>vero</strong></span> <span class='ocrx_word' id='word_1_50' title='bbox 1812 625 1901 682; x_wconf 88' lang='lat' dir='ltr'><strong>etiam</strong></span> 
     </span>
     <span class='ocr_line' id='line_1_5' title="bbox 196 707 1902 783; baseline 0.002 -16"><span class='ocrx_word' id='word_1_51' title='bbox 196 713 271 783; x_wconf 87' lang='lat' dir='ltr'><strong>quit,</strong></span> <span class='ocrx_word' id='word_1_52' title='bbox 288 710 445 781; x_wconf 90' lang='lat' dir='ltr'><strong>aliquando</strong></span> <span class='ocrx_word' id='word_1_53' title='bbox 460 713 602 781; x_wconf 86' lang='lat' dir='ltr'><strong>tanquam</strong></span> <span class='ocrx_word' id='word_1_54' title='bbox 619 709 755 765; x_wconf 88' lang='lat' dir='ltr'><strong>homines</strong></span> <span class='ocrx_word' id='word_1_55' title='bbox 767 707 1020 774; x_wconf 76' lang='lat' dir='ltr'><strong>lueruntedsndo,</strong></span> <span class='ocrx_word' id='word_1_56' title='bbox 1076 707 1277 780; x_wconf 87' lang='lat' dir='ltr'><strong>repetendum,</strong></span> <span class='ocrx_word' id='word_1_57' title='bbox 1305 709 1380 778; x_wconf 88' lang='lat' dir='ltr'><strong>quod</strong></span> <span class='ocrx_word' id='word_1_58' title='bbox 1407 710 1563 782; x_wconf 80' lang='lat' dir='ltr'><strong>utrobique</strong></span> <span class='ocrx_word' id='word_1_59' title='bbox 1592 711 1797 770; x_wconf 86' lang='lat' dir='ltr'><strong>adnotavimus</strong></span> <span class='ocrx_word' id='word_1_60' title='bbox 1824 719 1902 772; x_wconf 88' lang='lat' dir='ltr'><strong>recle</strong></span> 
     </span>
     <span class='ocr_line' id='line_1_6' title="bbox 196 795 1901 873; baseline 0.002 -16"><span class='ocrx_word' id='word_1_61' title='bbox 196 801 322 857; x_wconf 89' lang='lat' dir='ltr'><strong>bibendo</strong></span> <span class='ocrx_word' id='word_1_62' title='bbox 346 804 374 856; x_wconf 90' lang='lat' dir='ltr'><strong>et</strong></span> <span class='ocrx_word' id='word_1_63' title='bbox 389 799 478 872; x_wconf 90' lang='lat' dir='ltr'><strong>pedes</strong></span> <span class='ocrx_word' id='word_1_64' title='bbox 501 798 615 855; x_wconf 89' lang='lat' dir='ltr'><strong>lavacro</strong></span> <span class='ocrx_word' id='word_1_65' title='bbox 640 797 817 871; x_wconf 89' lang='lat' dir='ltr'><strong>porrigendo</strong></span> <span class='ocrx_word' id='word_1_66' title='bbox 834 815 841 866; x_wconf 89' lang='lat'>;</span> <span class='ocrx_word' id='word_1_67' title='bbox 858 795 1020 852; x_wconf 80' lang='lat' dir='ltr'><strong>humanam</strong></span> <span class='ocrx_word' id='word_1_68' title='bbox 1075 797 1227 853; x_wconf 89' lang='lat' dir='ltr'><strong>oeusuisse</strong></span> <span class='ocrx_word' id='word_1_69' title='bbox 1242 802 1270 851; x_wconf 84' lang='lat' dir='ltr'><strong>S.</strong></span> <span class='ocrx_word' id='word_1_70' title='bbox 1282 802 1357 870; x_wconf 82' lang='lat' dir='ltr'><strong>Aug.</strong></span> <span class='ocrx_word' id='word_1_71' title='bbox 1370 797 1443 855; x_wconf 88' lang='lat' dir='ltr'><strong>libro</strong></span> <span class='ocrx_word' id='word_1_72' title='bbox 1458 799 1491 856; x_wconf 83' lang='lat' dir='ltr'><strong>de</strong></span> <span class='ocrx_word' id='word_1_73' title='bbox 1507 805 1625 872; x_wconf 72' lang='lat' dir='ltr'><strong>Hares,</strong></span> <span class='ocrx_word' id='word_1_74' title='bbox 1637 802 1901 873; x_wconf 78' lang='lat' dir='ltr'><strong>quodl‘hilastrius</strong></span> 
     </span>
     <span class='ocr_line' id='line_1_7' title="bbox 195 885 1898 964; baseline 0.002 -19"><span class='ocrx_word' id='word_1_75' title='bbox 195 889 275 945; x_wconf 92' lang='lat' dir='ltr'><strong>onim</strong></span> <span class='ocrx_word' id='word_1_76' title='bbox 290 887 475 961; x_wconf 82' lang='lat' dir='ltr'><strong>superficiem</strong></span> <span class='ocrx_word' id='word_1_77' title='bbox 492 887 659 952; x_wconf 87' lang='lat' dir='ltr'><strong>induerant,</strong></span> <span class='ocrx_word' id='word_1_78' title='bbox 680 885 761 942; x_wconf 86' lang='lat' dir='ltr'><strong>salva</strong></span> <span class='ocrx_word' id='word_1_79' title='bbox 776 886 857 942; x_wconf 89' lang='lat' dir='ltr'><strong>intus</strong></span> <span class='ocrx_word' id='word_1_80' title='bbox 881 885 1021 941; x_wconf 90' lang='lat' dir='ltr'><strong>substan·</strong></span> <span class='ocrx_word' id='word_1_81' title='bbox 1076 885 1185 941; x_wconf 89' lang='lat' dir='ltr'><strong>multas</strong></span> <span class='ocrx_word' id='word_1_82' title='bbox 1196 885 1287 944; x_wconf 77' lang='lat' dir='ltr'><strong>heres</strong></span> <span class='ocrx_word' id='word_1_83' title='bbox 1302 888 1483 945; x_wconf 78' lang='lat' dir='ltr'><strong>recensuerit</strong></span> <span class='ocrx_word' id='word_1_84' title='bbox 1500 906 1564 961; x_wconf 80' lang='lat' dir='ltr'><strong>qua</strong></span> <span class='ocrx_word' id='word_1_85' title='bbox 1591 889 1717 947; x_wconf 76' lang='lat' dir='ltr'><strong>hereses</strong></span> <span class='ocrx_word' id='word_1_86' title='bbox 1740 908 1799 948; x_wconf 92' lang='lat' dir='ltr'><strong>non</strong></span> <span class='ocrx_word' id='word_1_87' title='bbox 1815 899 1898 964; x_wconf 90' lang='lat' dir='ltr'><strong>sunt,</strong></span> 
     </span>
     <span class='ocr_line' id='line_1_8' title="bbox 197 972 1899 1050; baseline 0.003 -17"><span class='ocrx_word' id='word_1_88' title='bbox 197 977 238 1034; x_wconf 90' lang='lat' dir='ltr'><strong>lia</strong></span> <span class='ocrx_word' id='word_1_89' title='bbox 254 978 382 1050; x_wconf 88' lang='lat' dir='ltr'><strong>propria.</strong></span> <span class='ocrx_word' id='word_1_90' title='bbox 400 997 414 1027; x_wconf 79' lang='lat' dir='ltr'><strong>a</strong></span> <span class='ocrx_word' id='word_1_91' title='bbox 430 977 634 1032; x_wconf 86' lang='lat' dir='ltr'><strong>llocsullicere</strong></span> <span class='ocrx_word' id='word_1_92' title='bbox 654 975 764 1047; x_wconf 87' lang='lat' dir='ltr'><strong>ubique</strong></span> <span class='ocrx_word' id='word_1_93' title='bbox 791 972 1021 1030; x_wconf 76' lang='lat' dir='ltr'><strong>visumestbu-</strong></span> <span class='ocrx_word' id='word_1_94' title='bbox 1076 974 1173 1047; x_wconf 89' lang='lat' dir='ltr'><strong>qualis</strong></span> <span class='ocrx_word' id='word_1_95' title='bbox 1201 979 1245 1032; x_wconf 88' lang='lat' dir='ltr'><strong>ast</strong></span> <span class='ocrx_word' id='word_1_96' title='bbox 1271 992 1328 1031; x_wconf 94' lang='lat' dir='ltr'><strong>non</strong></span> <span class='ocrx_word' id='word_1_97' title='bbox 1358 976 1490 1047; x_wconf 76' lang='lat' dir='ltr'><strong>heresis,</strong></span> <span class='ocrx_word' id='word_1_98' title='bbox 1520 979 1571 1035; x_wconf 88' lang='lat' dir='ltr'><strong>sed</strong></span> <span class='ocrx_word' id='word_1_99' title='bbox 1602 978 1751 1036; x_wconf 84' lang='lat' dir='ltr'><strong>catholica</strong></span> <span class='ocrx_word' id='word_1_100' title='bbox 1778 985 1899 1038; x_wconf 83' lang='lat' dir='ltr'><strong>Patrum</strong></span> 
     </span>
     <span class='ocr_line' id='line_1_9' title="bbox 197 1063 1899 1140; baseline 0.003 -18"><span class='ocrx_word' id='word_1_101' title='bbox 197 1067 278 1138; x_wconf 85' lang='lat' dir='ltr'><strong>olori,</strong></span> <span class='ocrx_word' id='word_1_102' title='bbox 292 1067 368 1138; x_wconf 90' lang='lat' dir='ltr'><strong>quod</strong></span> <span class='ocrx_word' id='word_1_103' title='bbox 386 1065 515 1138; x_wconf 78' lang='lat' dir='ltr'><strong>dogmati</strong></span> <span class='ocrx_word' id='word_1_104' title='bbox 531 1063 643 1137; x_wconf 75' lang='lat' dir='ltr'><strong>Apellis</strong></span> <span class='ocrx_word' id='word_1_105' title='bbox 664 1081 722 1120; x_wconf 92' lang='lat' dir='ltr'><strong>non</strong></span> <span class='ocrx_word' id='word_1_106' title='bbox 749 1063 939 1130; x_wconf 88' lang='lat' dir='ltr'><strong>consentiret,</strong></span> <span class='ocrx_word' id='word_1_107' title='bbox 970 1063 1021 1136; x_wconf 91' lang='lat' dir='ltr'><strong>qui</strong></span> <span class='ocrx_word' id='word_1_108' title='bbox 1075 1063 1231 1132; x_wconf 88' lang='lat' dir='ltr'><strong>sententia,</strong></span> <span class='ocrx_word' id='word_1_109' title='bbox 1246 1064 1367 1132; x_wconf 79' lang='lat' dir='ltr'><strong>statum,</strong></span> <span class='ocrx_word' id='word_1_110' title='bbox 1384 1082 1435 1122; x_wconf 89' lang='lat' dir='ltr'><strong>seu</strong></span> <span class='ocrx_word' id='word_1_111' title='bbox 1458 1067 1639 1140; x_wconf 78' lang='lat' dir='ltr'><strong>spiraculum</strong></span> <span class='ocrx_word' id='word_1_112' title='bbox 1666 1069 1731 1124; x_wconf 79' lang='lat' dir='ltr'><strong>vito</strong></span> <span class='ocrx_word' id='word_1_113' title='bbox 1747 1070 1784 1126; x_wconf 88' lang='lat' dir='ltr'><strong>de</strong></span> <span class='ocrx_word' id='word_1_114' title='bbox 1798 1070 1899 1128; x_wconf 88' lang='lat' dir='ltr'><strong>anima</strong></span> 
     </span>
     <span class='ocr_line' id='line_1_10' title="bbox 197 1153 1447 1226; baseline -0.002 -14"><span class='ocrx_word' id='word_1_115' title='bbox 197 1173 231 1212; x_wconf 87' lang='lat' dir='ltr'><strong>ex</strong></span> <span class='ocrx_word' id='word_1_116' title='bbox 247 1172 314 1211; x_wconf 90' lang='lat' dir='ltr'><strong>aera</strong></span> <span class='ocrx_word' id='word_1_117' title='bbox 327 1155 492 1211; x_wconf 89' lang='lat' dir='ltr'><strong>substantia</strong></span> <span class='ocrx_word' id='word_1_118' title='bbox 506 1153 626 1226; x_wconf 85' lang='lat' dir='ltr'><strong>angelos</strong></span> <span class='ocrx_word' id='word_1_119' title='bbox 643 1159 754 1210; x_wconf 87' lang='lat' dir='ltr'><strong>creatos</strong></span> <span class='ocrx_word' id='word_1_120' title='bbox 778 1153 906 1219; x_wconf 89' lang='lat' dir='ltr'><strong>dicebat,</strong></span> <span class='ocrx_word' id='word_1_121' title='bbox 929 1156 961 1208; x_wconf 89' lang='lat' dir='ltr'><strong>ut</strong></span> <span class='ocrx_word' id='word_1_122' title='bbox 986 1168 1022 1206; x_wconf 91' lang='lat' dir='ltr'><strong>ne</strong></span> <span class='ocrx_word' id='word_1_123' title='bbox 1075 1153 1212 1210; x_wconf 84' lang='lat' dir='ltr'><strong>rationali</strong></span> <span class='ocrx_word' id='word_1_124' title='bbox 1227 1153 1447 1226; x_wconf 89' lang='lat' dir='ltr'><strong>interpretatur.</strong></span> 
     </span>
    </p>
   </div>
   <div class='ocr_carea' id='block_1_3' title="bbox 113 1241 1899 1448">
    <p class='ocr_par' dir='ltr' id='par_1_3' title="bbox 113 1241 1899 1448">
     <span class='ocr_line' id='line_1_11' title="bbox 194 1241 1252 1314; baseline -0.002 -14"><span class='ocrx_word' id='word_1_125' title='bbox 194 1244 343 1300; x_wconf 87' lang='lat' dir='ltr'><strong>videretur</strong></span> <span class='ocrx_word' id='word_1_126' title='bbox 370 1241 412 1298; x_wconf 93' lang='lat' dir='ltr'><strong>illi</strong></span> <span class='ocrx_word' id='word_1_127' title='bbox 441 1250 470 1300; x_wconf 88' lang='lat' dir='ltr'><strong>et</strong></span> <span class='ocrx_word' id='word_1_128' title='bbox 499 1243 528 1298; x_wconf 92' lang='lat' dir='ltr'><strong>in</strong></span> <span class='ocrx_word' id='word_1_129' title='bbox 545 1243 794 1309; x_wconf 88' lang='lat' dir='ltr'><strong>hocconsentire,</strong></span> <span class='ocrx_word' id='word_1_130' title='bbox 811 1241 888 1314; x_wconf 92' lang='lat' dir='ltr'><strong>quod</strong></span> <span class='ocrx_word' id='word_1_131' title='bbox 914 1241 1022 1298; x_wconf 86' lang='lat' dir='ltr'><strong>Christi</strong></span> <span class='ocrx_word' id='word_1_132' title='bbox 1246 1299 1252 1312; x_wconf 74' lang='grc'><em>,</em></span> 
     </span>
     <span class='ocr_line' id='line_1_12' title="bbox 113 1295 1899 1448; baseline -0.003 -60"><span class='ocrx_word' id='word_1_133' title='bbox 113 1339 121 1350; x_wconf 87' lang='grc'><em>·</em></span> <span class='ocrx_word' id='word_1_134' title='bbox 195 1349 301 1405; x_wconf 90' lang='lat' dir='ltr'><strong>corpus</strong></span> <span class='ocrx_word' id='word_1_135' title='bbox 337 1349 372 1388; x_wconf 84' lang='lat' dir='ltr'><strong>ex</strong></span> <span class='ocrx_word' id='word_1_136' title='bbox 399 1331 521 1390; x_wconf 76' lang='lat' dir='ltr'><strong>etherea</strong></span> <span class='ocrx_word' id='word_1_137' title='bbox 560 1331 684 1388; x_wconf 89' lang='lat' dir='ltr'><strong>materia</strong></span> <span class='ocrx_word' id='word_1_138' title='bbox 729 1331 872 1402; x_wconf 72' lang='lat' dir='ltr'><strong>originem</strong></span> <span class='ocrx_word' id='word_1_139' title='bbox 902 1330 1023 1386; x_wconf 88' lang='lat' dir='ltr'><strong>baberet</strong></span> <span class='ocrx_word' id='word_1_140' title='bbox 1076 1295 1660 1444; x_wconf 41' lang='grc' dir='ltr'><strong>ἒ’ᾒξθιῇἔᾞέὺᾝῶαῗὲἒῖωέέῖὧω</strong></span> <span class='ocrx_word' id='word_1_141' title='bbox 1682 1302 1899 1448; x_wconf 46' lang='lat' dir='ltr'><strong>{ffiiwggpwffi</strong></span> 
     </span>
    </p>
   </div>
   <div class='ocr_carea' id='block_1_4' title="bbox 194 1418 1900 1584">
    <p class='ocr_par' dir='ltr' id='par_1_4' title="bbox 194 1418 1900 1584">
     <span class='ocr_line' id='line_1_13' title="bbox 194 1418 1900 1520; baseline -0.002 -42"><span class='ocrx_word' id='word_1_142' title='bbox 194 1438 290 1478; x_wconf 88' lang='lat' dir='ltr'><strong>suam.</strong></span> <span class='ocrx_word' id='word_1_143' title='bbox 307 1421 395 1494; x_wconf 78' lang='lat' dir='ltr'><strong>atqui</strong></span> <span class='ocrx_word' id='word_1_144' title='bbox 412 1421 657 1520; x_wconf 30' lang='lat' dir='ltr'><strong>qualia-corpora,</strong></span> <span class='ocrx_word' id='word_1_145' title='bbox 672 1426 703 1477; x_wconf 87' lang='lat' dir='ltr'><strong>et</strong></span> <span class='ocrx_word' id='word_1_146' title='bbox 720 1421 796 1476; x_wconf 88' lang='lat' dir='ltr'><strong>unde</strong></span> <span class='ocrx_word' id='word_1_147' title='bbox 818 1423 974 1491; x_wconf 85' lang='lat' dir='ltr'><strong>assrrmpta</strong></span> <span class='ocrx_word' id='word_1_148' title='bbox 985 1418 1021 1474; x_wconf 87' lang='lat' dir='ltr'><strong>ab</strong></span> <span class='ocrx_word' id='word_1_149' title='bbox 1113 1455 1193 1496; x_wconf 48' lang='lat' dir='ltr'><strong>num,</strong></span> <span class='ocrx_word' id='word_1_150' title='bbox 1209 1441 1271 1508; x_wconf 54' lang='lat'>253,</span> <span class='ocrx_word' id='word_1_151' title='bbox 1288 1458 1352 1516; x_wconf 43' lang='lat' dir='ltr'><strong>cap·</strong></span> <span class='ocrx_word' id='word_1_152' title='bbox 1368 1444 1413 1512; x_wconf 54' lang='grc'><strong>22,</strong></span> <span class='ocrx_word' id='word_1_153' title='bbox 1430 1459 1515 1501; x_wconf 44' lang='lat' dir='ltr'><strong>num·</strong></span> <span class='ocrx_word' id='word_1_154' title='bbox 1530 1444 1594 1514; x_wconf 53' lang='lat'><strong>294,</strong></span> <span class='ocrx_word' id='word_1_155' title='bbox 1610 1449 1640 1501; x_wconf 57' lang='grc'><strong>82</strong></span> <span class='ocrx_word' id='word_1_156' title='bbox 1658 1443 1780 1518; x_wconf 50' lang='lat' dir='ltr'><strong>integris</strong></span> <span class='ocrx_word' id='word_1_157' title='bbox 1795 1446 1900 1520; x_wconf 57' lang='lat' dir='ltr'><strong>mm,</strong></span> 
     </span>
     <span class='ocr_line' id='line_1_14' title="bbox 194 1509 1318 1584; baseline 0.003 -17"><span class='ocrx_word' id='word_1_158' title='bbox 194 1510 307 1584; x_wconf 86' lang='lat' dir='ltr'><strong>angelis</strong></span> <span class='ocrx_word' id='word_1_159' title='bbox 330 1509 449 1578; x_wconf 85' lang='lat' dir='ltr'><strong>suerint,</strong></span> <span class='ocrx_word' id='word_1_160' title='bbox 485 1515 573 1566; x_wconf 80' lang='lat' dir='ltr'><strong>etlam</strong></span> <span class='ocrx_word' id='word_1_161' title='bbox 616 1509 702 1566; x_wconf 90' lang='lat' dir='ltr'><strong>hodie</strong></span> <span class='ocrx_word' id='word_1_162' title='bbox 727 1515 947 1565; x_wconf 84' lang='lat' dir='ltr'><strong>controversum</strong></span> <span class='ocrx_word' id='word_1_163' title='bbox 977 1511 1022 1564; x_wconf 87' lang='lat' dir='ltr'><strong>est</strong></span> <span class='ocrx_word' id='word_1_164' title='bbox 1111 1510 1167 1566; x_wconf 86' lang='lat' dir='ltr'><strong>hue</strong></span> <span class='ocrx_word' id='word_1_165' title='bbox 1181 1513 1216 1566; x_wconf 87' lang='grc'><strong>27</strong></span> <span class='ocrx_word' id='word_1_166' title='bbox 1231 1517 1260 1567; x_wconf 89' lang='lat' dir='ltr'><strong>et</strong></span> <span class='ocrx_word' id='word_1_167' title='bbox 1272 1511 1318 1571; x_wconf 85' lang='grc'><strong>36.</strong></span> 
     </span>
    </p>
   </div>
   <div class='ocr_carea' id='block_1_5' title="bbox 195 1597 968 1672">
    <p class='ocr_par' dir='ltr' id='par_1_5' title="bbox 195 1597 968 1672">
     <span class='ocr_line' id='line_1_15' title="bbox 195 1597 968 1672; baseline -0.006 -17"><span class='ocrx_word' id='word_1_168' title='bbox 195 1600 272 1672; x_wconf 90' lang='lat' dir='ltr'><strong>apud</strong></span> <span class='ocrx_word' id='word_1_169' title='bbox 287 1599 459 1672; x_wconf 77' lang='lat' dir='ltr'><strong>Magistrum</strong></span> <span class='ocrx_word' id='word_1_170' title='bbox 476 1597 708 1664; x_wconf 86' lang='lat' dir='ltr'><strong>Sententiarum,</strong></span> <span class='ocrx_word' id='word_1_171' title='bbox 724 1597 938 1668; x_wconf 88' lang='lat' dir='ltr'><strong>lih.11.dist.8‚</strong></span> <span class='ocrx_word' id='word_1_172' title='bbox 954 1599 968 1666; x_wconf 83' lang='lat'>§</span> 
     </span>
    </p>
   </div>
   <div class='ocr_carea' id='block_1_6' title="bbox 983 1597 1901 1700">
    <p class='ocr_par' dir='ltr' id='par_1_6' title="bbox 983 1597 1901 1700">
     <span class='ocr_line' id='line_1_16' title="bbox 983 1597 1901 1700; baseline 0.017 -16"><span class='ocrx_word' id='word_1_173' title='bbox 983 1597 1019 1664; x_wconf 70' lang='lat'><strong>⁴3</strong></span> <span class='ocrx_word' id='word_1_174' title='bbox 1110 1633 1277 1692; x_wconf 85' lang='lat' dir='ltr'><strong>Paradoxon</strong></span> <span class='ocrx_word' id='word_1_175' title='bbox 1293 1635 1371 1693; x_wconf 88' lang='lat' dir='ltr'><strong>istud</strong></span> <span class='ocrx_word' id='word_1_176' title='bbox 1396 1635 1577 1696; x_wconf 81' lang='lat' dir='ltr'><strong>Tertulliano</strong></span> <span class='ocrx_word' id='word_1_177' title='bbox 1601 1640 1754 1698; x_wconf 88' lang='lat' dir='ltr'><strong>ascribunt</strong></span> <span class='ocrx_word' id='word_1_178' title='bbox 1776 1641 1901 1700; x_wconf 82' lang='lat' dir='ltr'><strong>Rufinus</strong></span> 
     </span>
    </p>
   </div>
   <div class='ocr_carea' id='block_1_7' title="bbox 196 1686 1901 1802">
    <p class='ocr_par' dir='ltr' id='par_1_7' title="bbox 196 1686 1901 1802">
     <span class='ocr_line' id='line_1_17' title="bbox 196 1686 1901 1802; baseline 0.013 -58"><span class='ocrx_word' id='word_1_179' title='bbox 196 1705 249 1745; x_wconf 87' lang='lat' dir='ltr'><strong>nos</strong></span> <span class='ocrx_word' id='word_1_180' title='bbox 265 1687 327 1744; x_wconf 91' lang='lat' dir='ltr'><strong>loco</strong></span> <span class='ocrx_word' id='word_1_181' title='bbox 336 1689 401 1758; x_wconf 89' lang='lat' dir='ltr'><strong>jam</strong></span> <span class='ocrx_word' id='word_1_182' title='bbox 416 1689 504 1744; x_wconf 88' lang='lat' dir='ltr'><strong>citato</strong></span> <span class='ocrx_word' id='word_1_183' title='bbox 519 1704 586 1743; x_wconf 87' lang='lat' dir='ltr'><strong>curn</strong></span> <span class='ocrx_word' id='word_1_184' title='bbox 602 1688 632 1743; x_wconf 90' lang='lat' dir='ltr'><strong>S.</strong></span> <span class='ocrx_word' id='word_1_185' title='bbox 660 1688 807 1744; x_wconf 87' lang='lat' dir='ltr'><strong>Bernsrdo</strong></span> <span class='ocrx_word' id='word_1_186' title='bbox 828 1688 863 1742; x_wconf 87' lang='lat' dir='ltr'><strong>de</strong></span> <span class='ocrx_word' id='word_1_187' title='bbox 888 1686 1020 1788; x_wconf 54' lang='lat' dir='ltr'><strong>hocsen:</strong></span> <span class='ocrx_word' id='word_1_188' title='bbox 1075 1723 1246 1796; x_wconf 46' lang='lat' dir='ltr'><strong>apotamo</strong></span> <span class='ocrx_word' id='word_1_189' title='bbox 1271 1724 1447 1795; x_wconf 38' lang='lat' dir='ltr'><strong>orl-amyep</strong></span> <span class='ocrx_word' id='word_1_190' title='bbox 1469 1727 1497 1782; x_wconf 43' lang='lat' dir='ltr'><strong>s·</strong></span> <span class='ocrx_word' id='word_1_191' title='bbox 1526 1727 1644 1784; x_wconf 48' lang='lat' dir='ltr'><strong>Hieron·</strong></span> <span class='ocrx_word' id='word_1_192' title='bbox 1674 1729 1751 1786; x_wconf 55' lang='lat' dir='ltr'>libro</span> <span class='ocrx_word' id='word_1_193' title='bbox 1777 1735 1901 1802; x_wconf 49' lang='lat' dir='ltr'><strong>uem,</strong></span> 
     </span>
    </p>
   </div>
   <div class='ocr_carea' id='block_1_8' title="bbox 194 1777 1902 1937">
    <p class='ocr_par' dir='ltr' id='par_1_8' title="bbox 194 1777 1902 1937">
     <span class='ocr_line' id='line_1_18' title="bbox 194 1777 1902 1937; baseline 0.004 -69"><span class='ocrx_word' id='word_1_194' title='bbox 194 1777 1020 1937; x_wconf 44' lang='grc' dir='ltr'><strong>ᾗῖἓᾛῆὶῖἰῗᾚ’ἒίἂθωῃάξέἓέἒιιυλῗ3)ῗὲἓὲθῦῗῖ</strong></span> <span class='ocrx_word' id='word_1_195' title='bbox 1034 1825 1059 1891; x_wconf 79' lang='grc' dir='ltr'><em>Β</em></span> <span class='ocrx_word' id='word_1_196' title='bbox 1074 1813 1183 1885; x_wconf 78' lang='lat' dir='ltr'><strong>Apotop.</strong></span> <span class='ocrx_word' id='word_1_197' title='bbox 1200 1814 1265 1870; x_wconf 82' lang='lat' dir='ltr'><strong>ada.</strong></span> <span class='ocrx_word' id='word_1_198' title='bbox 1283 1814 1431 1882; x_wconf 87' lang='lat' dir='ltr'><strong>eumdem,</strong></span> <span class='ocrx_word' id='word_1_199' title='bbox 1443 1831 1570 1888; x_wconf 92' lang='lat' dir='ltr'><strong>quorum</strong></span> <span class='ocrx_word' id='word_1_200' title='bbox 1586 1815 1636 1874; x_wconf 90' lang='lat' dir='ltr'><strong>ille</strong></span> <span class='ocrx_word' id='word_1_201' title='bbox 1659 1816 1734 1874; x_wconf 91' lang='lat' dir='ltr'><strong>nihil</strong></span> <span class='ocrx_word' id='word_1_202' title='bbox 1755 1819 1902 1876; x_wconf 84' lang='lat' dir='ltr'><strong>delinien-</strong></span> 
     </span>
    </p>
   </div>
   <div class='ocr_carea' id='block_1_9' title="bbox 196 1902 1902 2110">
    <p class='ocr_par' dir='ltr' id='par_1_9' title="bbox 196 1902 1902 2110">
     <span class='ocr_line' id='line_1_19' title="bbox 240 1902 1902 1980; baseline 0.005 -23"><span class='ocrx_word' id='word_1_203' title='bbox 240 1955 245 1966; x_wconf 86' lang='grc'><strong>,</strong></span> <span class='ocrx_word' id='word_1_204' title='bbox 334 1955 340 1967; x_wconf 88' lang='grc'>,</span> <span class='ocrx_word' id='word_1_205' title='bbox 398 1955 403 1966; x_wconf 89' lang='grc'>,</span> <span class='ocrx_word' id='word_1_206' title='bbox 783 1971 787 1978; x_wconf 25' lang='lat'><em>¹</em></span> <span class='ocrx_word' id='word_1_207' title='bbox 1074 1902 1321 1974; x_wconf 89' lang='lat' dir='ltr'><strong>dumputat,hio</strong></span> <span class='ocrx_word' id='word_1_208' title='bbox 1346 1903 1419 1960; x_wconf 86' lang='lat' dir='ltr'><strong>satis</strong></span> <span class='ocrx_word' id='word_1_209' title='bbox 1442 1903 1530 1961; x_wconf 89' lang='lat' dir='ltr'><strong>dubie</strong></span> <span class='ocrx_word' id='word_1_210' title='bbox 1551 1904 1693 1978; x_wconf 89' lang='lat' dir='ltr'><strong>loquitur,</strong></span> <span class='ocrx_word' id='word_1_211' title='bbox 1718 1923 1902 1980; x_wconf 86' lang='lat' dir='ltr'><strong>quamquam</strong></span> 
     </span>
     <span class='ocr_line' id='line_1_20' title="bbox 196 1951 1900 2063; baseline -0.002 -6"><span class='ocrx_word' id='word_1_212' title='bbox 196 1956 317 2027; x_wconf 60' lang='lat' dir='ltr'>qmdam</span> <span class='ocrx_word' id='word_1_213' title='bbox 333 1959 508 2056; x_wconf 53' lang='lat' dir='ltr'><strong>¹¹i¹p¹⁰⁸¹ini⁰</strong></span> <span class='ocrx_word' id='word_1_214' title='bbox 523 1969 666 2054; x_wconf 62' lang='lat' dir='ltr'><strong>⁶⁰ri⁰r⁶⁰⁵</strong></span> <span class='ocrx_word' id='word_1_215' title='bbox 676 1969 736 2053; x_wconf 47' lang='lat' dir='ltr'><strong>im</strong></span> <span class='ocrx_word' id='word_1_216' title='bbox 755 1953 865 2054; x_wconf 51' lang='lat' dir='ltr'><strong>“iiim</strong></span> <span class='ocrx_word' id='word_1_217' title='bbox 878 1961 905 2007; x_wconf 47' lang='grc' dir='ltr'><strong>δ’</strong></span> <span class='ocrx_word' id='word_1_218' title='bbox 919 1951 1020 2008; x_wconf 44' lang='grc' dir='ltr'><strong>ΜΨ</strong></span> <span class='ocrx_word' id='word_1_219' title='bbox 1074 1989 1169 2063; x_wconf 85' lang='lat' dir='ltr'><strong>magis</strong></span> <span class='ocrx_word' id='word_1_220' title='bbox 1183 1989 1292 2047; x_wconf 85' lang='lat' dir='ltr'><strong>sentire</strong></span> <span class='ocrx_word' id='word_1_221' title='bbox 1307 1989 1442 2048; x_wconf 90' lang='lat' dir='ltr'><strong>videatur</strong></span> <span class='ocrx_word' id='word_1_222' title='bbox 1455 2007 1520 2049; x_wconf 86' lang='lat' dir='ltr'><strong>esse</strong></span> <span class='ocrx_word' id='word_1_223' title='bbox 1534 1994 1705 2051; x_wconf 84' lang='lat' dir='ltr'><strong>damnatam</strong></span> <span class='ocrx_word' id='word_1_224' title='bbox 1719 1997 1900 2053; x_wconf 90' lang='lat' dir='ltr'><strong>seutentiam</strong></span> 
     </span>
     <span class='ocr_line' id='line_1_21' title="bbox 197 2041 1019 2110; baseline -0.007 -10"><span class='ocrx_word' id='word_1_225' title='bbox 197 2059 258 2110; x_wconf 81' lang='lat' dir='ltr'><strong>aas,</strong></span> <span class='ocrx_word' id='word_1_226' title='bbox 275 2060 334 2100; x_wconf 94' lang='lat' dir='ltr'><strong>uon</strong></span> <span class='ocrx_word' id='word_1_227' title='bbox 349 2049 498 2099; x_wconf 83' lang='lat' dir='ltr'><strong>ammento</strong></span> <span class='ocrx_word' id='word_1_228' title='bbox 514 2044 649 2098; x_wconf 74' lang='lat' dir='ltr'><strong>dubitare</strong></span> <span class='ocrx_word' id='word_1_229' title='bbox 663 2041 868 2098; x_wconf 79' lang='lat' dir='ltr'><strong>lacetltlcxrme</strong></span> <span class='ocrx_word' id='word_1_230' title='bbox 883 2057 950 2098; x_wconf 89' lang='lat' dir='ltr'><strong>cum</strong></span> <span class='ocrx_word' id='word_1_231' title='bbox 962 2042 1019 2095; x_wconf 85' lang='lat' dir='ltr'><strong>Au-</strong></span> 
     </span>
    </p>
   </div>
   <div class='ocr_carea' id='block_1_10' title="bbox 196 2079 1902 2242">
    <p class='ocr_par' dir='ltr' id='par_1_10' title="bbox 196 2079 1902 2242">
     <span class='ocr_line' id='line_1_22' title="bbox 332 2079 1901 2152; baseline 0.001 -11"><span class='ocrx_word' id='word_1_232' title='bbox 332 2131 379 2142; x_wconf 89' lang='lat'><strong>..</strong></span> <span class='ocrx_word' id='word_1_233' title='bbox 527 2131 532 2142; x_wconf 94' lang='lat'><strong>.</strong></span> <span class='ocrx_word' id='word_1_234' title='bbox 606 2133 610 2143; x_wconf 93' lang='lat'><strong>.</strong></span> <span class='ocrx_word' id='word_1_235' title='bbox 742 2133 746 2142; x_wconf 92' lang='grc'>,</span> <span class='ocrx_word' id='word_1_236' title='bbox 997 2130 1002 2140; x_wconf 91' lang='grc'><strong>,</strong></span> <span class='ocrx_word' id='word_1_237' title='bbox 1073 2079 1225 2136; x_wconf 87' lang='lat' dir='ltr'><strong>Namtam</strong></span> <span class='ocrx_word' id='word_1_238' title='bbox 1240 2079 1366 2136; x_wconf 81' lang='lat' dir='ltr'><strong>maxims</strong></span> <span class='ocrx_word' id='word_1_239' title='bbox 1389 2080 1501 2152; x_wconf 76' lang='lat' dir='ltr'><strong>Apoloq.</strong></span> <span class='ocrx_word' id='word_1_240' title='bbox 1525 2081 1560 2138; x_wconf 89' lang='lat' dir='ltr'><strong>cd</strong></span> <span class='ocrx_word' id='word_1_241' title='bbox 1584 2083 1732 2151; x_wconf 70' lang='lat' dir='ltr'><strong>Pomaria,</strong></span> <span class='ocrx_word' id='word_1_242' title='bbox 1756 2085 1901 2142; x_wconf 88' lang='lat' dir='ltr'><strong>adversus</strong></span> 
     </span>
     <span class='ocr_line' id='line_1_23' title="bbox 196 2128 1902 2242; baseline 0.004 -18"><span class='ocrx_word' id='word_1_243' title='bbox 196 2135 268 2187; x_wconf 56' lang='lat' dir='ltr'><strong>w·</strong></span> <span class='ocrx_word' id='word_1_244' title='bbox 285 2135 339 2187; x_wconf 55' lang='grc' dir='ltr'><strong>Μ</strong></span> <span class='ocrx_word' id='word_1_245' title='bbox 353 2132 488 2187; x_wconf 52' lang='lat' dir='ltr'><strong>”dmm</strong></span> <span class='ocrx_word' id='word_1_246' title='bbox 504 2132 551 2186; x_wconf 57' lang='lat'><strong>¹¹¹⁰</strong></span> <span class='ocrx_word' id='word_1_247' title='bbox 565 2147 623 2186; x_wconf 67' lang='lat'><strong>⁸⁰²⁵</strong></span> <span class='ocrx_word' id='word_1_248' title='bbox 651 2145 760 2199; x_wconf 62' lang='lat' dir='ltr'><strong>imm</strong></span> <span class='ocrx_word' id='word_1_249' title='bbox 786 2147 884 2201; x_wconf 56' lang='lat' dir='ltr'><strong><em>⁶⁰W¹⁸⁸</em></strong></span> <span class='ocrx_word' id='word_1_250' title='bbox 908 2128 1021 2201; x_wconf 64' lang='lat' dir='ltr'><strong>⁸⁰g⁰l¹⁸</strong></span> <span class='ocrx_word' id='word_1_251' title='bbox 1074 2172 1191 2224; x_wconf 79' lang='lat' dir='ltr'><strong>Errorcs</strong></span> <span class='ocrx_word' id='word_1_252' title='bbox 1205 2168 1311 2224; x_wconf 85' lang='lat' dir='ltr'><strong>Joauu.</strong></span> <span class='ocrx_word' id='word_1_253' title='bbox 1328 2169 1440 2226; x_wconf 82' lang='lat' dir='ltr'><strong>Hieros.</strong></span> <span class='ocrx_word' id='word_1_254' title='bbox 1456 2169 1575 2227; x_wconf 88' lang='lat' dir='ltr'><strong>disertis</strong></span> <span class='ocrx_word' id='word_1_255' title='bbox 1589 2171 1687 2229; x_wconf 90' lang='lat' dir='ltr'><strong>verbis</strong></span> <span class='ocrx_word' id='word_1_256' title='bbox 1709 2173 1791 2242; x_wconf 88' lang='lat' dir='ltr'><strong>dicit,</strong></span> <span class='ocrx_word' id='word_1_257' title='bbox 1807 2174 1902 2231; x_wconf 86' lang='lat' dir='ltr'><strong>eccle-</strong></span> 
     </span>
    </p>
   </div>
   <div class='ocr_carea' id='block_1_11' title="bbox 192 2219 1040 3092">
    <p class='ocr_par' dir='ltr' id='par_1_11' title="bbox 192 2219 1040 3092">
     <span class='ocr_line' id='line_1_24' title="bbox 195 2219 1019 2290; baseline -0.005 -14"><span class='ocrx_word' id='word_1_258' title='bbox 195 2219 334 2289; x_wconf 87' lang='lat' dir='ltr'><strong>tribuere,</strong></span> <span class='ocrx_word' id='word_1_259' title='bbox 350 2223 448 2276; x_wconf 86' lang='lat' dir='ltr'><strong>tamen</strong></span> <span class='ocrx_word' id='word_1_260' title='bbox 466 2219 554 2276; x_wconf 86' lang='lat' dir='ltr'><strong>iaciat</strong></span> <span class='ocrx_word' id='word_1_261' title='bbox 581 2236 632 2275; x_wconf 88' lang='lat' dir='ltr'><strong>eos</strong></span> <span class='ocrx_word' id='word_1_262' title='bbox 659 2221 827 2278; x_wconf 59' lang='lat' dir='ltr'><strong>substantiae</strong></span> <span class='ocrx_word' id='word_1_263' title='bbox 853 2219 1019 2290; x_wconf 65' lang='lat' dir='ltr'><strong>animastis,</strong></span> 
     </span>
     <span class='ocr_line' id='line_1_25' title="bbox 197 2306 1019 2380; baseline -0.006 -15"><span class='ocrx_word' id='word_1_264' title='bbox 197 2307 286 2365; x_wconf 86' lang='lat' dir='ltr'><strong>sicuti</strong></span> <span class='ocrx_word' id='word_1_265' title='bbox 299 2308 389 2365; x_wconf 88' lang='lat' dir='ltr'><strong>etiam</strong></span> <span class='ocrx_word' id='word_1_266' title='bbox 405 2325 463 2364; x_wconf 90' lang='lat' dir='ltr'><strong>non</strong></span> <span class='ocrx_word' id='word_1_267' title='bbox 479 2307 570 2364; x_wconf 91' lang='lat' dir='ltr'><strong>semel</strong></span> <span class='ocrx_word' id='word_1_268' title='bbox 585 2308 615 2363; x_wconf 90' lang='lat' dir='ltr'><strong>in</strong></span> <span class='ocrx_word' id='word_1_269' title='bbox 632 2308 812 2380; x_wconf 78' lang='lat' dir='ltr'><strong>Apolopclico,</strong></span> <span class='ocrx_word' id='word_1_270' title='bbox 842 2311 871 2363; x_wconf 88' lang='lat' dir='ltr'><strong>et</strong></span> <span class='ocrx_word' id='word_1_271' title='bbox 885 2306 1019 2362; x_wconf 88' lang='lat' dir='ltr'><strong>nomina·</strong></span> 
     </span>
     <span class='ocr_line' id='line_1_26' title="bbox 196 2395 1040 2469; baseline -0.005 -17"><span class='ocrx_word' id='word_1_272' title='bbox 196 2398 249 2452; x_wconf 90' lang='lat' dir='ltr'><strong>tim</strong></span> <span class='ocrx_word' id='word_1_273' title='bbox 266 2413 291 2453; x_wconf 91' lang='lat' dir='ltr'><strong>o.</strong></span> <span class='ocrx_word' id='word_1_274' title='bbox 305 2400 351 2464; x_wconf 84' lang='lat'><strong>22,</strong></span> <span class='ocrx_word' id='word_1_275' title='bbox 368 2395 516 2469; x_wconf 87' lang='lat' dir='ltr'><strong>spiritales</strong></span> <span class='ocrx_word' id='word_1_276' title='bbox 531 2397 607 2453; x_wconf 84' lang='lat' dir='ltr'><strong>vires</strong></span> <span class='ocrx_word' id='word_1_277' title='bbox 623 2401 651 2453; x_wconf 88' lang='lat' dir='ltr'><strong>et</strong></span> <span class='ocrx_word' id='word_1_278' title='bbox 666 2395 779 2468; x_wconf 87' lang='lat' dir='ltr'><strong>angelis</strong></span> <span class='ocrx_word' id='word_1_279' title='bbox 794 2402 823 2451; x_wconf 89' lang='lat' dir='ltr'><strong>et</strong></span> <span class='ocrx_word' id='word_1_280' title='bbox 837 2395 1019 2450; x_wconf 80' lang='lat' dir='ltr'><strong>damonibus</strong></span> <span class='ocrx_word' id='word_1_281' title='bbox 1038 2405 1040 2410; x_wconf 80' lang='grc'>’</span> 
     </span>
     <span class='ocr_line' id='line_1_27' title="bbox 197 2485 1020 2558; baseline -0.004 -18"><span class='ocrx_word' id='word_1_282' title='bbox 197 2485 341 2556; x_wconf 85' lang='lat' dir='ltr'><strong>attribuit,</strong></span> <span class='ocrx_word' id='word_1_283' title='bbox 357 2487 520 2557; x_wconf 90' lang='lat' dir='ltr'><strong>etspiritus</strong></span> <span class='ocrx_word' id='word_1_284' title='bbox 533 2490 627 2541; x_wconf 89' lang='lat' dir='ltr'><strong>vocat.</strong></span> <span class='ocrx_word' id='word_1_285' title='bbox 659 2486 749 2558; x_wconf 82' lang='lat' dir='ltr'><strong>Magis</strong></span> <span class='ocrx_word' id='word_1_286' title='bbox 776 2488 875 2540; x_wconf 88' lang='lat' dir='ltr'><strong>tamen</strong></span> <span class='ocrx_word' id='word_1_287' title='bbox 904 2487 1020 2554; x_wconf 84' lang='lat' dir='ltr'><strong>recepta</strong></span> 
     </span>
     <span class='ocr_line' id='line_1_28' title="bbox 195 2572 1018 2649; baseline -0.006 -18"><span class='ocrx_word' id='word_1_288' title='bbox 195 2580 249 2641; x_wconf 86' lang='lat' dir='ltr'><strong>est,</strong></span> <span class='ocrx_word' id='word_1_289' title='bbox 268 2575 400 2649; x_wconf 86' lang='lat' dir='ltr'><strong>mihique</strong></span> <span class='ocrx_word' id='word_1_290' title='bbox 416 2575 510 2646; x_wconf 88' lang='lat' dir='ltr'><strong>placet</strong></span> <span class='ocrx_word' id='word_1_291' title='bbox 526 2589 627 2630; x_wconf 90' lang='lat' dir='ltr'><strong>eorum</strong></span> <span class='ocrx_word' id='word_1_292' title='bbox 642 2575 799 2638; x_wconf 88' lang='lat' dir='ltr'><strong>sententia,</strong></span> <span class='ocrx_word' id='word_1_293' title='bbox 818 2573 869 2644; x_wconf 94' lang='lat' dir='ltr'><strong>qui</strong></span> <span class='ocrx_word' id='word_1_294' title='bbox 884 2572 1018 2642; x_wconf 89' lang='lat' dir='ltr'><strong>incorpo-</strong></span> 
     </span>
     <span class='ocr_line' id='line_1_29' title="bbox 195 2659 1017 2734; baseline -0.007 -15"><span class='ocrx_word' id='word_1_295' title='bbox 195 2679 260 2719; x_wconf 90' lang='lat' dir='ltr'><strong>reos</strong></span> <span class='ocrx_word' id='word_1_296' title='bbox 273 2663 394 2731; x_wconf 87' lang='lat' dir='ltr'><strong>iaciunt,</strong></span> <span class='ocrx_word' id='word_1_297' title='bbox 420 2665 497 2720; x_wconf 82' lang='lat' dir='ltr'><strong>inter</strong></span> <span class='ocrx_word' id='word_1_298' title='bbox 522 2679 596 2734; x_wconf 90' lang='lat' dir='ltr'><strong>quos</strong></span> <span class='ocrx_word' id='word_1_299' title='bbox 620 2664 743 2719; x_wconf 83' lang='lat' dir='ltr'><strong>veniunt</strong></span> <span class='ocrx_word' id='word_1_300' title='bbox 769 2659 1017 2717; x_wconf 89' lang='lat' dir='ltr'><strong>commemorandi</strong></span> 
     </span>
     <span class='ocr_line' id='line_1_30' title="bbox 197 2747 1018 2825; baseline -0.007 -18"><span class='ocrx_word' id='word_1_301' title='bbox 197 2751 247 2807; x_wconf 88' lang='lat' dir='ltr'><strong>SS.</strong></span> <span class='ocrx_word' id='word_1_302' title='bbox 264 2752 383 2825; x_wconf 80' lang='lat' dir='ltr'><strong>Dionys.</strong></span> <span class='ocrx_word' id='word_1_303' title='bbox 399 2754 504 2824; x_wconf 75' lang='lat' dir='ltr'><strong>areop.</strong></span> <span class='ocrx_word' id='word_1_304' title='bbox 520 2769 546 2807; x_wconf 92' lang='lat' dir='ltr'><strong>o.</strong></span> <span class='ocrx_word' id='word_1_305' title='bbox 570 2753 587 2806; x_wconf 90' lang='lat'>2</span> <span class='ocrx_word' id='word_1_306' title='bbox 609 2751 714 2808; x_wconf 81' lang='lat' dir='ltr'><strong>Coelest.</strong></span> <span class='ocrx_word' id='word_1_307' title='bbox 738 2750 886 2806; x_wconf 79' lang='lat' dir='ltr'><strong>Hierarcle.</strong></span> <span class='ocrx_word' id='word_1_308' title='bbox 904 2766 911 2816; x_wconf 87' lang='lat'>;</span> <span class='ocrx_word' id='word_1_309' title='bbox 929 2747 1018 2802; x_wconf 77' lang='lat' dir='ltr'><strong>Atha·</strong></span> 
     </span>
     <span class='ocr_line' id='line_1_31' title="bbox 196 2837 1017 2904; baseline -0.002 -8"><span class='ocrx_word' id='word_1_310' title='bbox 196 2857 259 2897; x_wconf 92' lang='lat' dir='ltr'><strong>nas.</strong></span> <span class='ocrx_word' id='word_1_311' title='bbox 275 2840 462 2898; x_wconf 82' lang='lat' dir='ltr'><strong>dedommoa.</strong></span> <span class='ocrx_word' id='word_1_312' title='bbox 487 2843 609 2898; x_wconf 70' lang='lat' dir='ltr'><strong>Terentio</strong></span> <span class='ocrx_word' id='word_1_313' title='bbox 633 2843 726 2898; x_wconf 80' lang='lat' dir='ltr'><strong>Patris</strong></span> <span class='ocrx_word' id='word_1_314' title='bbox 749 2844 776 2898; x_wconf 84' lang='lat' dir='ltr'><strong>et</strong></span> <span class='ocrx_word' id='word_1_315' title='bbox 799 2840 868 2896; x_wconf 78' lang='lat' dir='ltr'><strong>Filii</strong></span> <span class='ocrx_word' id='word_1_316' title='bbox 886 2844 914 2894; x_wconf 82' lang='lat' dir='ltr'><strong>et</strong></span> <span class='ocrx_word' id='word_1_317' title='bbox 927 2837 1017 2904; x_wconf 85' lang='lat' dir='ltr'><strong>Spiri-</strong></span> 
     </span>
     <span class='ocr_line' id='line_1_32' title="bbox 193 2926 1015 3004; baseline -0.006 -19"><span class='ocrx_word' id='word_1_318' title='bbox 193 2932 238 2985; x_wconf 84' lang='lat' dir='ltr'><strong>tcs</strong></span> <span class='ocrx_word' id='word_1_319' title='bbox 249 2933 358 2996; x_wconf 74' lang='lat' dir='ltr'><strong>sancti:</strong></span> <span class='ocrx_word' id='word_1_320' title='bbox 373 2931 522 3004; x_wconf 79' lang='lat' dir='ltr'><strong>chrysost.</strong></span> <span class='ocrx_word' id='word_1_321' title='bbox 540 2929 641 2987; x_wconf 90' lang='lat' dir='ltr'><strong>homil.</strong></span> <span class='ocrx_word' id='word_1_322' title='bbox 657 2931 693 2984; x_wconf 87' lang='grc'><strong>22</strong></span> <span class='ocrx_word' id='word_1_323' title='bbox 711 2931 740 2984; x_wconf 85' lang='lat' dir='ltr'><strong>in</strong></span> <span class='ocrx_word' id='word_1_324' title='bbox 755 2929 835 2994; x_wconf 75' lang='lat' dir='ltr'><strong>Gora:</strong></span> <span class='ocrx_word' id='word_1_325' title='bbox 849 2926 946 3000; x_wconf 85' lang='lat' dir='ltr'><strong>Cyrill.</strong></span> <span class='ocrx_word' id='word_1_326' title='bbox 964 2926 1015 2981; x_wconf 88' lang='lat' dir='ltr'><strong>lih.</strong></span> 
     </span>
     <span class='ocr_line' id='line_1_33' title="bbox 192 3019 496 3092; baseline 0.007 -18"><span class='ocrx_word' id='word_1_327' title='bbox 192 3033 232 3076; x_wconf 83' lang='lat' dir='ltr'><strong>av.</strong></span> <span class='ocrx_word' id='word_1_328' title='bbox 249 3019 278 3076; x_wconf 93' lang='lat' dir='ltr'><strong>in</strong></span> <span class='ocrx_word' id='word_1_329' title='bbox 292 3021 376 3078; x_wconf 80' lang='lat' dir='ltr'><strong>ioan.</strong></span> <span class='ocrx_word' id='word_1_330' title='bbox 392 3020 496 3092; x_wconf 87' lang='lat' dir='ltr'><strong>capite.</strong></span> 
     </span>
    </p>
   </div>
   <div class='ocr_carea' id='block_1_12' title="bbox 130 2257 1909 5702">
    <p class='ocr_par' dir='ltr' id='par_1_12' title="bbox 130 2257 1909 5702">
     <span class='ocr_line' id='line_1_34' title="bbox 1074 2257 1903 2334; baseline 0.007 -21"><span class='ocrx_word' id='word_1_331' title='bbox 1074 2257 1224 2314; x_wconf 88' lang='lat' dir='ltr'><strong>siasticam</strong></span> <span class='ocrx_word' id='word_1_332' title='bbox 1247 2272 1313 2314; x_wconf 89' lang='lat' dir='ltr'><strong>esse</strong></span> <span class='ocrx_word' id='word_1_333' title='bbox 1335 2259 1510 2315; x_wconf 88' lang='lat' dir='ltr'><strong>sententiam</strong></span> <span class='ocrx_word' id='word_1_334' title='bbox 1537 2259 1630 2316; x_wconf 88' lang='lat' dir='ltr'><strong>Deum</strong></span> <span class='ocrx_word' id='word_1_335' title='bbox 1655 2277 1744 2318; x_wconf 82' lang='lat' dir='ltr'><strong>noras</strong></span> <span class='ocrx_word' id='word_1_336' title='bbox 1767 2261 1903 2334; x_wconf 86' lang='lat' dir='ltr'><strong>quotidie</strong></span> 
     </span>
     <span class='ocr_line' id='line_1_35' title="bbox 1073 2345 1899 2421; baseline 0.005 -19"><span class='ocrx_word' id='word_1_337' title='bbox 1073 2347 1199 2402; x_wconf 87' lang='lat' dir='ltr'><strong>amimas</strong></span> <span class='ocrx_word' id='word_1_338' title='bbox 1214 2345 1384 2417; x_wconf 87' lang='lat' dir='ltr'><strong>corporibus</strong></span> <span class='ocrx_word' id='word_1_339' title='bbox 1406 2347 1468 2418; x_wconf 78' lang='lat' dir='ltr'><strong>lam</strong></span> <span class='ocrx_word' id='word_1_340' title='bbox 1492 2349 1642 2420; x_wconf 89' lang='lat' dir='ltr'><strong>conceptis</strong></span> <span class='ocrx_word' id='word_1_341' title='bbox 1664 2349 1829 2421; x_wconf 89' lang='lat' dir='ltr'><strong>intundere,</strong></span> <span class='ocrx_word' id='word_1_342' title='bbox 1854 2351 1899 2406; x_wconf 84' lang='lat' dir='ltr'><strong>at-</strong></span> 
     </span>
     <span class='ocr_line' id='line_1_36' title="bbox 1072 2432 1900 2508; baseline 0.006 -18"><span class='ocrx_word' id='word_1_343' title='bbox 1072 2433 1175 2506; x_wconf 87' lang='lat' dir='ltr'><strong>lsgans</strong></span> <span class='ocrx_word' id='word_1_344' title='bbox 1189 2433 1265 2490; x_wconf 87' lang='lat' dir='ltr'><strong>adid</strong></span> <span class='ocrx_word' id='word_1_345' title='bbox 1279 2432 1447 2505; x_wconf 84' lang='lat' dir='ltr'><strong>Scripturas</strong></span> <span class='ocrx_word' id='word_1_346' title='bbox 1459 2433 1543 2492; x_wconf 76' lang='lat' dir='ltr'><strong>ioan.</strong></span> <span class='ocrx_word' id='word_1_347' title='bbox 1559 2452 1588 2491; x_wconf 90' lang='lat' dir='ltr'><strong>v.</strong></span> <span class='ocrx_word' id='word_1_348' title='bbox 1605 2453 1613 2504; x_wconf 93' lang='lat'>;</span> <span class='ocrx_word' id='word_1_349' title='bbox 1629 2435 1727 2506; x_wconf 88' lang='lat' dir='ltr'><strong>Zach.,</strong></span> <span class='ocrx_word' id='word_1_350' title='bbox 1738 2452 1778 2493; x_wconf 87' lang='lat' dir='ltr'><strong>xn</strong></span> <span class='ocrx_word' id='word_1_351' title='bbox 1795 2438 1900 2508; x_wconf 84' lang='lat' dir='ltr'><strong>;Psal.</strong></span> 
     </span>
     <span class='ocr_line' id='line_1_37' title="bbox 1072 2523 1901 2599; baseline 0.007 -21"><span class='ocrx_word' id='word_1_352' title='bbox 1072 2540 1162 2590; x_wconf 78' lang='lat' dir='ltr'><strong>rama,</strong></span> <span class='ocrx_word' id='word_1_353' title='bbox 1177 2538 1349 2595; x_wconf 87' lang='lat' dir='ltr'><strong>quanquam</strong></span> <span class='ocrx_word' id='word_1_354' title='bbox 1362 2523 1477 2580; x_wconf 86' lang='lat' dir='ltr'><strong>interim</strong></span> <span class='ocrx_word' id='word_1_355' title='bbox 1493 2525 1696 2599; x_wconf 64' lang='lat' dir='ltr'><strong>aptatasque</strong></span> <span class='ocrx_word' id='word_1_356' title='bbox 1711 2533 1756 2584; x_wconf 88' lang='lat' dir='ltr'><strong>est</strong></span> <span class='ocrx_word' id='word_1_357' title='bbox 1770 2527 1806 2585; x_wconf 83' lang='lat' dir='ltr'><strong>cd</strong></span> <span class='ocrx_word' id='word_1_358' title='bbox 1822 2527 1901 2584; x_wconf 85' lang='lat' dir='ltr'><strong>ller-</strong></span> 
     </span>
     <span class='ocr_line' id='line_1_38' title="bbox 1071 2611 1897 2689; baseline 0.007 -21"><span class='ocrx_word' id='word_1_359' title='bbox 1071 2611 1212 2668; x_wconf 86' lang='lat' dir='ltr'><strong>cellinum</strong></span> <span class='ocrx_word' id='word_1_360' title='bbox 1229 2615 1257 2668; x_wconf 89' lang='lat' dir='ltr'><strong>et</strong></span> <span class='ocrx_word' id='word_1_361' title='bbox 1271 2611 1500 2685; x_wconf 71' lang='lat' dir='ltr'><strong>anapsychiam,</strong></span> <span class='ocrx_word' id='word_1_362' title='bbox 1518 2613 1619 2670; x_wconf 92' lang='lat' dir='ltr'><strong>mitius</strong></span> <span class='ocrx_word' id='word_1_363' title='bbox 1635 2615 1750 2689; x_wconf 87' lang='lat' dir='ltr'><strong>loquar,</strong></span> <span class='ocrx_word' id='word_1_364' title='bbox 1776 2622 1806 2673; x_wconf 89' lang='lat' dir='ltr'><strong>et</strong></span> <span class='ocrx_word' id='word_1_365' title='bbox 1818 2615 1897 2674; x_wconf 91' lang='lat' dir='ltr'><strong>illud</strong></span> 
     </span>
     <span class='ocr_line' id='line_1_39' title="bbox 1073 2699 1898 2778; baseline 0.005 -20"><span class='ocrx_word' id='word_1_366' title='bbox 1073 2702 1192 2774; x_wconf 90' lang='lat' dir='ltr'><strong>quidem</strong></span> <span class='ocrx_word' id='word_1_367' title='bbox 1208 2699 1264 2756; x_wconf 89' lang='lat' dir='ltr'><strong>sibi</strong></span> <span class='ocrx_word' id='word_1_368' title='bbox 1280 2699 1371 2757; x_wconf 84' lang='lat' dir='ltr'><strong>videri</strong></span> <span class='ocrx_word' id='word_1_369' title='bbox 1386 2700 1505 2769; x_wconf 87' lang='lat' dir='ltr'><strong>scribat,</strong></span> <span class='ocrx_word' id='word_1_370' title='bbox 1522 2702 1573 2758; x_wconf 91' lang='lat' dir='ltr'><strong>sed</strong></span> <span class='ocrx_word' id='word_1_371' title='bbox 1590 2703 1627 2758; x_wconf 88' lang='lat' dir='ltr'><strong>ad</strong></span> <span class='ocrx_word' id='word_1_372' title='bbox 1639 2703 1670 2760; x_wconf 88' lang='lat' dir='ltr'><strong>S.</strong></span> <span class='ocrx_word' id='word_1_373' title='bbox 1693 2705 1898 2778; x_wconf 75' lang='lat' dir='ltr'><strong>augustinum</strong></span> 
     </span>
     <span class='ocr_line' id='line_1_40' title="bbox 1072 2788 1897 2864; baseline 0.005 -18"><span class='ocrx_word' id='word_1_374' title='bbox 1072 2789 1204 2846; x_wconf 85' lang='lat' dir='ltr'><strong>remittat</strong></span> <span class='ocrx_word' id='word_1_375' title='bbox 1218 2792 1317 2861; x_wconf 89' lang='lat' dir='ltr'><strong>utpote</strong></span> <span class='ocrx_word' id='word_1_376' title='bbox 1332 2788 1408 2845; x_wconf 92' lang='lat' dir='ltr'><strong>nihil</strong></span> <span class='ocrx_word' id='word_1_377' title='bbox 1428 2790 1528 2846; x_wconf 88' lang='lat' dir='ltr'><strong>volans</strong></span> <span class='ocrx_word' id='word_1_378' title='bbox 1556 2791 1628 2847; x_wconf 88' lang='lat' dir='ltr'><strong>certi</strong></span> <span class='ocrx_word' id='word_1_379' title='bbox 1653 2791 1785 2860; x_wconf 86' lang='lat' dir='ltr'><strong>definire,</strong></span> <span class='ocrx_word' id='word_1_380' title='bbox 1816 2796 1897 2864; x_wconf 88' lang='lat' dir='ltr'><strong>quod</strong></span> 
     </span>
     <span class='ocr_line' id='line_1_41' title="bbox 1072 2876 1896 2951; baseline 0.005 -18"><span class='ocrx_word' id='word_1_381' title='bbox 1072 2878 1155 2935; x_wconf 89' lang='lat' dir='ltr'><strong>illum</strong></span> <span class='ocrx_word' id='word_1_382' title='bbox 1171 2876 1896 2951; x_wconf 84' lang='lat' dir='ltr'><strong>legissetdubiamadhuosuspenderesenteutiam</strong></span> 
     </span>
     <span class='ocr_line' id='line_1_42' title="bbox 1070 2966 1896 3041; baseline 0.004 -16"><span class='ocrx_word' id='word_1_383' title='bbox 1070 2967 1206 3025; x_wconf 88' lang='lat' dir='ltr'><strong>alludens</strong></span> <span class='ocrx_word' id='word_1_384' title='bbox 1221 2968 1257 3024; x_wconf 87' lang='lat' dir='ltr'><strong>ad</strong></span> <span class='ocrx_word' id='word_1_385' title='bbox 1272 2967 1357 3040; x_wconf 91' lang='lat' dir='ltr'><strong>epist.</strong></span> <span class='ocrx_word' id='word_1_386' title='bbox 1376 2966 1454 3023; x_wconf 90' lang='lat' dir='ltr'><strong>iilius</strong></span> <span class='ocrx_word' id='word_1_387' title='bbox 1470 2968 1505 3024; x_wconf 88' lang='lat' dir='ltr'><strong>ad</strong></span> <span class='ocrx_word' id='word_1_388' title='bbox 1522 2984 1553 3024; x_wconf 88' lang='lat' dir='ltr'><strong>se</strong></span> <span class='ocrx_word' id='word_1_389' title='bbox 1574 2969 1711 3041; x_wconf 85' lang='lat' dir='ltr'><strong>scriptos,</strong></span> <span class='ocrx_word' id='word_1_390' title='bbox 1736 2975 1765 3026; x_wconf 89' lang='lat' dir='ltr'><strong>et</strong></span> <span class='ocrx_word' id='word_1_391' title='bbox 1781 2971 1831 3026; x_wconf 77' lang='lat'><strong>157</strong></span> <span class='ocrx_word' id='word_1_392' title='bbox 1856 2972 1896 3028; x_wconf 86' lang='lat' dir='ltr'><strong>ad</strong></span> 
     </span>
     <span class='ocr_line' id='line_1_43' title="bbox 1070 3055 1896 3130; baseline 0.001 -16"><span class='ocrx_word' id='word_1_393' title='bbox 1070 3057 1208 3130; x_wconf 83' lang='lat' dir='ltr'><strong>Optatam</strong></span> <span class='ocrx_word' id='word_1_394' title='bbox 1231 3055 1264 3113; x_wconf 83' lang='lat' dir='ltr'><strong>de</strong></span> <span class='ocrx_word' id='word_1_395' title='bbox 1288 3058 1398 3127; x_wconf 77' lang='lat' dir='ltr'><strong>origine</strong></span> <span class='ocrx_word' id='word_1_396' title='bbox 1427 3058 1597 3130; x_wconf 80' lang='lat' dir='ltr'><strong>animarum,</strong></span> <span class='ocrx_word' id='word_1_397' title='bbox 1636 3057 1665 3113; x_wconf 93' lang='lat' dir='ltr'><strong>ln</strong></span> <span class='ocrx_word' id='word_1_398' title='bbox 1688 3074 1747 3130; x_wconf 90' lang='lat' dir='ltr'><strong>qua</strong></span> <span class='ocrx_word' id='word_1_399' title='bbox 1776 3059 1896 3115; x_wconf 86' lang='lat' dir='ltr'><strong>Tertul-</strong></span> 
     </span>
     <span class='ocr_line' id='line_1_44' title="bbox 192 3133 1896 3219; baseline 0 -15"><span class='ocrx_word' id='word_1_400' title='bbox 192 3136 247 3204; x_wconf 74' lang='lat'><strong>§3·</strong></span> <span class='ocrx_word' id='word_1_401' title='bbox 262 3137 299 3191; x_wconf 74' lang='lat'><strong>⁰0</strong></span> <span class='ocrx_word' id='word_1_402' title='bbox 312 3138 409 3219; x_wconf 63' lang='lat' dir='ltr'><strong>“iiim</strong></span> <span class='ocrx_word' id='word_1_403' title='bbox 428 3137 516 3208; x_wconf 65' lang='lat' dir='ltr'><strong>viimi</strong></span> <span class='ocrx_word' id='word_1_404' title='bbox 535 3135 654 3191; x_wconf 64' lang='lat' dir='ltr'><strong>imminit</strong></span> <span class='ocrx_word' id='word_1_405' title='bbox 677 3151 712 3191; x_wconf 65' lang='lat' dir='ltr'><strong>ix</strong></span> <span class='ocrx_word' id='word_1_406' title='bbox 727 3135 843 3190; x_wconf 60' lang='lat' dir='ltr'><strong>malitia</strong></span> <span class='ocrx_word' id='word_1_407' title='bbox 866 3133 927 3194; x_wconf 66' lang='lat' dir='ltr'><strong>Dii·</strong></span> <span class='ocrx_word' id='word_1_408' title='bbox 941 3135 1013 3202; x_wconf 69' lang='lat' dir='ltr'><strong>i⁰ma</strong></span> <span class='ocrx_word' id='word_1_409' title='bbox 1069 3147 1182 3203; x_wconf 80' lang='lat' dir='ltr'><strong>lienum</strong></span> <span class='ocrx_word' id='word_1_410' title='bbox 1203 3161 1261 3202; x_wconf 92' lang='lat' dir='ltr'><strong>non</strong></span> <span class='ocrx_word' id='word_1_411' title='bbox 1287 3153 1346 3202; x_wconf 87' lang='lat' dir='ltr'><strong>tem</strong></span> <span class='ocrx_word' id='word_1_412' title='bbox 1363 3146 1483 3202; x_wconf 86' lang='lat' dir='ltr'><strong>damnat</strong></span> <span class='ocrx_word' id='word_1_413' title='bbox 1497 3146 1575 3218; x_wconf 92' lang='lat' dir='ltr'><strong>quod</strong></span> <span class='ocrx_word' id='word_1_414' title='bbox 1598 3161 1633 3202; x_wconf 87' lang='lat' dir='ltr'><strong>ex</strong></span> <span class='ocrx_word' id='word_1_415' title='bbox 1652 3147 1781 3214; x_wconf 84' lang='lat' dir='ltr'><strong>traduce,</strong></span> <span class='ocrx_word' id='word_1_416' title='bbox 1803 3163 1896 3218; x_wconf 86' lang='lat' dir='ltr'><strong>quam</strong></span> 
     </span>
     <span class='ocr_line' id='line_1_45' title="bbox 263 3205 1895 3308; baseline 0.002 -18"><span class='ocrx_word' id='word_1_417' title='bbox 263 3208 312 3277; x_wconf 61' lang='grc' dir='ltr'><strong>ΠΙ»</strong></span> <span class='ocrx_word' id='word_1_418' title='bbox 329 3207 380 3264; x_wconf 64' lang='grc' dir='ltr'><strong>Ῑὼ·</strong></span> <span class='ocrx_word' id='word_1_419' title='bbox 396 3225 425 3262; x_wconf 66' lang='lat' dir='ltr'><em>W</em></span> <span class='ocrx_word' id='word_1_420' title='bbox 439 3210 548 3264; x_wconf 61' lang='lat' dir='ltr'><strong>“dvm</strong></span> <span class='ocrx_word' id='word_1_421' title='bbox 565 3206 659 3276; x_wconf 55' lang='lat' dir='ltr'><strong>mma</strong></span> <span class='ocrx_word' id='word_1_422' title='bbox 676 3223 701 3260; x_wconf 75' lang='lat'><strong>⁰¹</strong></span> <span class='ocrx_word' id='word_1_423' title='bbox 717 3207 762 3271; x_wconf 72' lang='lat'><strong>38⁵</strong></span> <span class='ocrx_word' id='word_1_424' title='bbox 779 3220 851 3260; x_wconf 56' lang='grc' dir='ltr'><strong>ΜΠ]</strong></span> <span class='ocrx_word' id='word_1_425' title='bbox 878 3205 941 3258; x_wconf 70' lang='lat'><strong>⁶¹¹·</strong></span> <span class='ocrx_word' id='word_1_426' title='bbox 1069 3235 1148 3308; x_wconf 91' lang='lat' dir='ltr'><strong>quod</strong></span> <span class='ocrx_word' id='word_1_427' title='bbox 1164 3249 1318 3306; x_wconf 89' lang='lat' dir='ltr'><strong>corporeas</strong></span> <span class='ocrx_word' id='word_1_428' title='bbox 1342 3233 1457 3290; x_wconf 87' lang='lat' dir='ltr'><strong>animas</strong></span> <span class='ocrx_word' id='word_1_429' title='bbox 1473 3233 1590 3302; x_wconf 85' lang='lat' dir='ltr'><strong>laceret,</strong></span> <span class='ocrx_word' id='word_1_430' title='bbox 1607 3235 1643 3291; x_wconf 85' lang='lat' dir='ltr'><strong>da</strong></span> <span class='ocrx_word' id='word_1_431' title='bbox 1668 3250 1727 3307; x_wconf 91' lang='lat' dir='ltr'><strong>quo</strong></span> <span class='ocrx_word' id='word_1_432' title='bbox 1744 3236 1895 3293; x_wconf 73' lang='lat' dir='ltr'><strong>camdeno</strong></span> 
     </span>
     <span class='ocr_line' id='line_1_46' title="bbox 228 3316 1896 3396; baseline 0.002 -22"><span class='ocrx_word' id='word_1_433' title='bbox 228 3319 291 3376; x_wconf 90' lang='lat' dir='ltr'><strong>Huo</strong></span> <span class='ocrx_word' id='word_1_434' title='bbox 315 3320 433 3392; x_wconf 86' lang='lat' dir='ltr'><strong>quidem</strong></span> <span class='ocrx_word' id='word_1_435' title='bbox 467 3320 613 3394; x_wconf 88' lang='lat' dir='ltr'><strong>portinere</strong></span> <span class='ocrx_word' id='word_1_436' title='bbox 634 3320 768 3376; x_wconf 87' lang='lat' dir='ltr'><strong>videntur</strong></span> <span class='ocrx_word' id='word_1_437' title='bbox 798 3319 849 3375; x_wconf 89' lang='lat' dir='ltr'><strong>illa</strong></span> <span class='ocrx_word' id='word_1_438' title='bbox 881 3316 1015 3374; x_wconf 86' lang='lat' dir='ltr'><strong>Auctoris</strong></span> <span class='ocrx_word' id='word_1_439' title='bbox 1069 3321 1156 3396; x_wconf 80' lang='lat' dir='ltr'><strong>paulo</strong></span> <span class='ocrx_word' id='word_1_440' title='bbox 1182 3327 1248 3394; x_wconf 89' lang='lat' dir='ltr'><strong>post</strong></span> <span class='ocrx_word' id='word_1_441' title='bbox 1271 3321 1369 3379; x_wconf 87' lang='lat' dir='ltr'><strong>latius.</strong></span> <span class='ocrx_word' id='word_1_442' title='bbox 1401 3321 1475 3378; x_wconf 90' lang='lat' dir='ltr'><strong>Nam</strong></span> <span class='ocrx_word' id='word_1_443' title='bbox 1501 3327 1529 3379; x_wconf 91' lang='lat' dir='ltr'><strong>et</strong></span> <span class='ocrx_word' id='word_1_444' title='bbox 1554 3321 1607 3392; x_wconf 93' lang='lat' dir='ltr'><strong>illi,</strong></span> <span class='ocrx_word' id='word_1_445' title='bbox 1641 3322 1748 3396; x_wconf 86' lang='lat' dir='ltr'><strong>inquit,</strong></span> <span class='ocrx_word' id='word_1_446' title='bbox 1776 3323 1896 3380; x_wconf 82' lang='lat' dir='ltr'><strong>animas</strong></span> 
     </span>
     <span class='ocr_line' id='line_1_47' title="bbox 192 3407 1894 3484; baseline 0.001 -18"><span class='ocrx_word' id='word_1_447' title='bbox 192 3410 280 3466; x_wconf 88' lang='lat' dir='ltr'><strong>verba</strong></span> <span class='ocrx_word' id='word_1_448' title='bbox 308 3409 484 3481; x_wconf 82' lang='lat' dir='ltr'><strong>explicantis</strong></span> <span class='ocrx_word' id='word_1_449' title='bbox 513 3409 586 3465; x_wconf 92' lang='lat' dir='ltr'><strong>illud</strong></span> <span class='ocrx_word' id='word_1_450' title='bbox 615 3414 685 3464; x_wconf 88' lang='lat' dir='ltr'><strong>Luc.</strong></span> <span class='ocrx_word' id='word_1_451' title='bbox 714 3408 762 3464; x_wconf 81' lang='lat' dir='ltr'><strong>xx</strong></span> <span class='ocrx_word' id='word_1_452' title='bbox 787 3426 793 3465; x_wconf 96' lang='lat'><strong>:</strong></span> <span class='ocrx_word' id='word_1_453' title='bbox 821 3407 932 3464; x_wconf 81' lang='lat' dir='ltr'><strong>Reddite</strong></span> <span class='ocrx_word' id='word_1_454' title='bbox 953 3420 1015 3477; x_wconf 78' lang='lat' dir='ltr'><strong>qoae</strong></span> <span class='ocrx_word' id='word_1_455' title='bbox 1069 3427 1104 3467; x_wconf 87' lang='lat' dir='ltr'><strong>ex</strong></span> <span class='ocrx_word' id='word_1_456' title='bbox 1119 3410 1168 3466; x_wconf 93' lang='lat' dir='ltr'><strong>illa</strong></span> <span class='ocrx_word' id='word_1_457' title='bbox 1181 3427 1239 3466; x_wconf 89' lang='lat' dir='ltr'><strong>una</strong></span> <span class='ocrx_word' id='word_1_458' title='bbox 1255 3410 1410 3484; x_wconf 83' lang='lat' dir='ltr'><strong>propagari</strong></span> <span class='ocrx_word' id='word_1_459' title='bbox 1425 3415 1573 3483; x_wconf 86' lang='lat' dir='ltr'><strong>asserunt,</strong></span> <span class='ocrx_word' id='word_1_460' title='bbox 1588 3428 1677 3484; x_wconf 88' lang='lat' dir='ltr'><strong>quam</strong></span> <span class='ocrx_word' id='word_1_461' title='bbox 1703 3411 1781 3468; x_wconf 85' lang='lat' dir='ltr'><strong>Deus</strong></span> <span class='ocrx_word' id='word_1_462' title='bbox 1795 3412 1894 3484; x_wconf 92' lang='lat' dir='ltr'><strong>primo</strong></span> 
     </span>
     <span class='ocr_line' id='line_1_48' title="bbox 130 3494 1898 3572; baseline -0.003 -17"><span class='ocrx_word' id='word_1_463' title='bbox 130 3557 132 3562; x_wconf 74' lang='grc'><em>,</em></span> <span class='ocrx_word' id='word_1_464' title='bbox 191 3503 257 3555; x_wconf 74' lang='lat' dir='ltr'><strong>tunt</strong></span> <span class='ocrx_word' id='word_1_465' title='bbox 272 3498 321 3554; x_wconf 77' lang='lat' dir='ltr'><strong>Dei</strong></span> <span class='ocrx_word' id='word_1_466' title='bbox 331 3503 412 3554; x_wconf 62' lang='lat' dir='ltr'><strong>Ded«</strong></span> <span class='ocrx_word' id='word_1_467' title='bbox 424 3495 577 3554; x_wconf 84' lang='lat' dir='ltr'><strong>Hominem</strong></span> <span class='ocrx_word' id='word_1_468' title='bbox 590 3497 680 3570; x_wconf 81' lang='lat' dir='ltr'><strong>igitur</strong></span> <span class='ocrx_word' id='word_1_469' title='bbox 696 3494 1013 3568; x_wconf 74' lang='lat' dir='ltr'><strong>reddijubstilreaiori,</strong></span> <span class='ocrx_word' id='word_1_470' title='bbox 1069 3499 1182 3556; x_wconf 85' lang='lat' dir='ltr'><strong>homini</strong></span> <span class='ocrx_word' id='word_1_471' title='bbox 1204 3499 1295 3568; x_wconf 75' lang='lat' dir='ltr'><strong>dedit,</strong></span> <span class='ocrx_word' id='word_1_472' title='bbox 1319 3502 1407 3572; x_wconf 83' lang='lat' dir='ltr'><strong>utque</strong></span> <span class='ocrx_word' id='word_1_473' title='bbox 1430 3499 1472 3555; x_wconf 82' lang='lat' dir='ltr'><strong>ita</strong></span> <span class='ocrx_word' id='word_1_474' title='bbox 1495 3515 1545 3556; x_wconf 83' lang='lat' dir='ltr'><strong>eae</strong></span> <span class='ocrx_word' id='word_1_475' title='bbox 1567 3499 1789 3572; x_wconf 69' lang='lat' dir='ltr'><strong>expetentibus</strong></span> <span class='ocrx_word' id='word_1_476' title='bbox 1814 3499 1898 3557; x_wconf 76' lang='lat' dir='ltr'><strong>trahi</strong></span> 
     </span>
     <span class='ocr_line' id='line_1_49' title="bbox 191 3585 1895 3662; baseline 0.001 -20"><span class='ocrx_word' id='word_1_477' title='bbox 191 3587 222 3642; x_wconf 91' lang='lat' dir='ltr'><strong>in</strong></span> <span class='ocrx_word' id='word_1_478' title='bbox 238 3586 323 3658; x_wconf 89' lang='lat' dir='ltr'><strong>cujus</strong></span> <span class='ocrx_word' id='word_1_479' title='bbox 338 3585 466 3658; x_wconf 82' lang='lat' dir='ltr'><strong>imagine</strong></span> <span class='ocrx_word' id='word_1_480' title='bbox 481 3591 510 3642; x_wconf 90' lang='lat' dir='ltr'><strong>et</strong></span> <span class='ocrx_word' id='word_1_481' title='bbox 525 3585 718 3641; x_wconf 88' lang='lat' dir='ltr'><strong>similitudine</strong></span> <span class='ocrx_word' id='word_1_482' title='bbox 734 3589 761 3641; x_wconf 90' lang='lat' dir='ltr'><strong>et</strong></span> <span class='ocrx_word' id='word_1_483' title='bbox 777 3585 893 3640; x_wconf 88' lang='lat' dir='ltr'><strong>nomine</strong></span> <span class='ocrx_word' id='word_1_484' title='bbox 912 3587 941 3640; x_wconf 88' lang='lat' dir='ltr'><strong>et</strong></span> <span class='ocrx_word' id='word_1_485' title='bbox 953 3599 1014 3638; x_wconf 89' lang='lat' dir='ltr'><strong>ma·</strong></span> <span class='ocrx_word' id='word_1_486' title='bbox 1069 3589 1181 3659; x_wconf 81' lang='lat' dir='ltr'><strong>dicunt,</strong></span> <span class='ocrx_word' id='word_1_487' title='bbox 1198 3589 1223 3645; x_wconf 82' lang='lat' dir='ltr'><strong>ai</strong></span> <span class='ocrx_word' id='word_1_488' title='bbox 1240 3586 1410 3644; x_wconf 83' lang='lat' dir='ltr'><strong>Tertulliani</strong></span> <span class='ocrx_word' id='word_1_489' title='bbox 1435 3588 1603 3662; x_wconf 85' lang='lat' dir='ltr'><strong>opinionem</strong></span> <span class='ocrx_word' id='word_1_490' title='bbox 1628 3595 1800 3660; x_wconf 87' lang='lat' dir='ltr'><strong>sequantur,</strong></span> <span class='ocrx_word' id='word_1_491' title='bbox 1825 3605 1895 3662; x_wconf 92' lang='lat' dir='ltr'><strong>pro-</strong></span> 
     </span>
     <span class='ocr_line' id='line_1_50' title="bbox 192 3672 1899 3751; baseline 0.001 -19"><span class='ocrx_word' id='word_1_492' title='bbox 192 3674 267 3732; x_wconf 81' lang='lat' dir='ltr'><strong>teris</strong></span> <span class='ocrx_word' id='word_1_493' title='bbox 282 3673 576 3747; x_wconf 76' lang='lat' dir='ltr'><strong>expressusest.›10ui</strong></span> <span class='ocrx_word' id='word_1_494' title='bbox 591 3674 673 3731; x_wconf 87' lang='lat' dir='ltr'><strong>locus</strong></span> <span class='ocrx_word' id='word_1_495' title='bbox 685 3674 950 3731; x_wconf 78' lang='lat' dir='ltr'><strong>fortassisinoausa</strong></span> <span class='ocrx_word' id='word_1_496' title='bbox 961 3672 1016 3727; x_wconf 89' lang='lat' dir='ltr'><strong>luit</strong></span> <span class='ocrx_word' id='word_1_497' title='bbox 1068 3679 1144 3735; x_wconf 78' lang='lat' dir='ltr'><strong>ferto</strong></span> <span class='ocrx_word' id='word_1_498' title='bbox 1158 3694 1208 3734; x_wconf 84' lang='lat' dir='ltr'><strong>aas</strong></span> <span class='ocrx_word' id='word_1_499' title='bbox 1224 3694 1281 3733; x_wconf 90' lang='lat' dir='ltr'><strong>non</strong></span> <span class='ocrx_word' id='word_1_500' title='bbox 1298 3677 1484 3751; x_wconf 88' lang='lat' dir='ltr'><strong>spiritus,sed</strong></span> <span class='ocrx_word' id='word_1_501' title='bbox 1500 3693 1623 3750; x_wconf 86' lang='lat' dir='ltr'><strong>corpora</strong></span> <span class='ocrx_word' id='word_1_502' title='bbox 1637 3693 1702 3734; x_wconf 89' lang='lat' dir='ltr'><strong>ease</strong></span> <span class='ocrx_word' id='word_1_503' title='bbox 1712 3677 1899 3734; x_wconf 87' lang='lat' dir='ltr'><strong>contendunt</strong></span> 
     </span>
     <span class='ocr_line' id='line_1_51' title="bbox 193 3763 1899 3839; baseline -0.001 -19"><span class='ocrx_word' id='word_1_504' title='bbox 193 3765 235 3820; x_wconf 91' lang='lat' dir='ltr'><strong>uti</strong></span> <span class='ocrx_word' id='word_1_505' title='bbox 251 3763 295 3819; x_wconf 89' lang='lat' dir='ltr'><strong>sio</strong></span> <span class='ocrx_word' id='word_1_506' title='bbox 310 3763 418 3820; x_wconf 85' lang='lat' dir='ltr'><strong>scribat</strong></span> <span class='ocrx_word' id='word_1_507' title='bbox 432 3764 468 3820; x_wconf 90' lang='lat' dir='ltr'><strong>do</strong></span> <span class='ocrx_word' id='word_1_508' title='bbox 480 3763 530 3820; x_wconf 90' lang='lat' dir='ltr'><strong>illo</strong></span> <span class='ocrx_word' id='word_1_509' title='bbox 545 3765 618 3820; x_wconf 76' lang='lat' dir='ltr'><strong>alta</strong></span> <span class='ocrx_word' id='word_1_510' title='bbox 638 3763 769 3820; x_wconf 79' lang='lat' dir='ltr'><strong>Gannll.</strong></span> <span class='ocrx_word' id='word_1_511' title='bbox 787 3763 873 3819; x_wconf 82' lang='lat' dir='ltr'><strong>libde</strong></span> <span class='ocrx_word' id='word_1_512' title='bbox 888 3763 1013 3832; x_wconf 78' lang='lat' dir='ltr'><strong>llopmot.</strong></span> <span class='ocrx_word' id='word_1_513' title='bbox 1069 3771 1099 3824; x_wconf 77' lang='lat' dir='ltr'><strong>et</strong></span> <span class='ocrx_word' id='word_1_514' title='bbox 1123 3765 1301 3839; x_wconf 76' lang='lat' dir='ltr'><strong>corpulentis</strong></span> <span class='ocrx_word' id='word_1_515' title='bbox 1326 3765 1490 3822; x_wconf 83' lang='lat' dir='ltr'><strong>seminibus</strong></span> <span class='ocrx_word' id='word_1_516' title='bbox 1514 3765 1629 3822; x_wconf 80' lang='lat' dir='ltr'><strong>exoriri.</strong></span> <span class='ocrx_word' id='word_1_517' title='bbox 1655 3767 1717 3833; x_wconf 87' lang='lat' dir='ltr'><strong>Quo</strong></span> <span class='ocrx_word' id='word_1_518' title='bbox 1741 3779 1899 3838; x_wconf 80' lang='lat' dir='ltr'><strong>perversus</strong></span> 
     </span>
     <span class='ocr_line' id='line_1_52' title="bbox 191 3851 1897 3927; baseline 0 -19"><span class='ocrx_word' id='word_1_519' title='bbox 191 3852 310 3908; x_wconf 73' lang='lat' dir='ltr'><strong>Ecetra:</strong></span> <span class='ocrx_word' id='word_1_520' title='bbox 323 3851 401 3908; x_wconf 89' lang='lat' dir='ltr'><strong>Nihil</strong></span> <span class='ocrx_word' id='word_1_521' title='bbox 416 3868 451 3908; x_wconf 87' lang='lat' dir='ltr'><strong>ex</strong></span> <span class='ocrx_word' id='word_1_522' title='bbox 464 3852 617 3909; x_wconf 84' lang='lat' dir='ltr'><strong>Trinitatis</strong></span> <span class='ocrx_word' id='word_1_523' title='bbox 628 3853 755 3910; x_wconf 88' lang='lat' dir='ltr'><strong>essentia</strong></span> <span class='ocrx_word' id='word_1_524' title='bbox 769 3852 802 3908; x_wconf 87' lang='lat' dir='ltr'><strong>ad</strong></span> <span class='ocrx_word' id='word_1_525' title='bbox 814 3857 1014 3908; x_wconf 86' lang='lat' dir='ltr'><strong>creaturarum</strong></span> <span class='ocrx_word' id='word_1_526' title='bbox 1070 3855 1140 3927; x_wconf 91' lang='lat' dir='ltr'><strong>qdid</strong></span> <span class='ocrx_word' id='word_1_527' title='bbox 1155 3855 1211 3910; x_wconf 90' lang='lat' dir='ltr'><strong>dici</strong></span> <span class='ocrx_word' id='word_1_528' title='bbox 1233 3852 1349 3927; x_wconf 79' lang='lat' dir='ltr'><strong>polest?</strong></span> <span class='ocrx_word' id='word_1_529' title='bbox 1366 3853 1462 3923; x_wconf 86' lang='lat' dir='ltr'><strong>Neque</strong></span> <span class='ocrx_word' id='word_1_530' title='bbox 1488 3853 1544 3910; x_wconf 93' lang='lat' dir='ltr'><strong>hoo</strong></span> <span class='ocrx_word' id='word_1_531' title='bbox 1571 3852 1784 3910; x_wconf 72' lang='lat' dir='ltr'><strong>tertullianum</strong></span> <span class='ocrx_word' id='word_1_532' title='bbox 1815 3869 1897 3909; x_wconf 89' lang='lat' dir='ltr'><strong>som-</strong></span> 
     </span>
     <span class='ocr_line' id='line_1_53' title="bbox 192 3936 1900 4014; baseline -0.002 -17"><span class='ocrx_word' id='word_1_533' title='bbox 192 3945 329 3998; x_wconf 90' lang='lat' dir='ltr'><strong>naturam</strong></span> <span class='ocrx_word' id='word_1_534' title='bbox 345 3941 499 3998; x_wconf 88' lang='lat' dir='ltr'><strong>credamus</strong></span> <span class='ocrx_word' id='word_1_535' title='bbox 515 3941 686 4007; x_wconf 88' lang='lat' dir='ltr'><strong>deductum,</strong></span> <span class='ocrx_word' id='word_1_536' title='bbox 712 3945 745 3996; x_wconf 87' lang='lat' dir='ltr'><strong>ut</strong></span> <span class='ocrx_word' id='word_1_537' title='bbox 760 3940 840 3997; x_wconf 86' lang='lat' dir='ltr'><strong>Plato</strong></span> <span class='ocrx_word' id='word_1_538' title='bbox 862 3943 891 3996; x_wconf 89' lang='lat' dir='ltr'><strong>et</strong></span> <span class='ocrx_word' id='word_1_539' title='bbox 905 3936 1016 3994; x_wconf 89' lang='lat' dir='ltr'><strong>Tartul·</strong></span> <span class='ocrx_word' id='word_1_540' title='bbox 1070 3943 1169 3999; x_wconf 72' lang='lat' dir='ltr'><strong>nissae</strong></span> <span class='ocrx_word' id='word_1_541' title='bbox 1184 3941 1351 3998; x_wconf 82' lang='lat' dir='ltr'><strong>mirandum</strong></span> <span class='ocrx_word' id='word_1_542' title='bbox 1366 3945 1420 4006; x_wconf 92' lang='lat' dir='ltr'><strong>est,</strong></span> <span class='ocrx_word' id='word_1_543' title='bbox 1437 3940 1513 3997; x_wconf 81' lang='grc'><strong>182</strong></span> <span class='ocrx_word' id='word_1_544' title='bbox 1530 3941 1581 4014; x_wconf 91' lang='lat' dir='ltr'><strong>qui</strong></span> <span class='ocrx_word' id='word_1_545' title='bbox 1597 3940 1687 3998; x_wconf 83' lang='lat' dir='ltr'><strong>etism</strong></span> <span class='ocrx_word' id='word_1_546' title='bbox 1702 3939 1802 4013; x_wconf 90' lang='lat' dir='ltr'><strong>ipsum</strong></span> <span class='ocrx_word' id='word_1_547' title='bbox 1817 3954 1900 3996; x_wconf 86' lang='lat' dir='ltr'><strong>crea-</strong></span> 
     </span>
     <span class='ocr_line' id='line_1_54' title="bbox 191 4027 1899 4103; baseline -0.001 -17"><span class='ocrx_word' id='word_1_548' title='bbox 191 4029 299 4087; x_wconf 89' lang='lat' dir='ltr'><strong>lianus.</strong></span> <span class='ocrx_word' id='word_1_549' title='bbox 316 4029 424 4086; x_wconf 87' lang='lat' dir='ltr'><strong>Verum</strong></span> <span class='ocrx_word' id='word_1_550' title='bbox 440 4047 508 4087; x_wconf 87' lang='lat' dir='ltr'><strong>curn</strong></span> <span class='ocrx_word' id='word_1_551' title='bbox 524 4031 554 4086; x_wconf 86' lang='lat' dir='ltr'><strong>S.</strong></span> <span class='ocrx_word' id='word_1_552' title='bbox 571 4033 695 4103; x_wconf 76' lang='lat' dir='ltr'><strong>August.</strong></span> <span class='ocrx_word' id='word_1_553' title='bbox 719 4029 769 4102; x_wconf 92' lang='lat' dir='ltr'><strong>qui</strong></span> <span class='ocrx_word' id='word_1_554' title='bbox 785 4029 872 4085; x_wconf 90' lang='lat' dir='ltr'><strong>toties</strong></span> <span class='ocrx_word' id='word_1_555' title='bbox 898 4027 1016 4082; x_wconf 88' lang='lat' dir='ltr'><strong>deducit</strong></span> <span class='ocrx_word' id='word_1_556' title='bbox 1069 4037 1164 4088; x_wconf 74' lang='lat' dir='ltr'><strong>torem</strong></span> <span class='ocrx_word' id='word_1_557' title='bbox 1177 4037 1276 4101; x_wconf 75' lang='lat' dir='ltr'><strong>Deum,</strong></span> <span class='ocrx_word' id='word_1_558' title='bbox 1295 4047 1351 4085; x_wconf 89' lang='lat' dir='ltr'><strong>non</strong></span> <span class='ocrx_word' id='word_1_559' title='bbox 1373 4045 1437 4086; x_wconf 85' lang='lat' dir='ltr'><strong>asse</strong></span> <span class='ocrx_word' id='word_1_560' title='bbox 1455 4028 1511 4085; x_wconf 89' lang='lat' dir='ltr'><strong>nisi</strong></span> <span class='ocrx_word' id='word_1_561' title='bbox 1535 4045 1643 4102; x_wconf 88' lang='lat' dir='ltr'><strong>corpus</strong></span> <span class='ocrx_word' id='word_1_562' title='bbox 1667 4029 1814 4101; x_wconf 89' lang='lat' dir='ltr'><strong>opinatur.</strong></span> <span class='ocrx_word' id='word_1_563' title='bbox 1839 4027 1899 4084; x_wconf 86' lang='lat' dir='ltr'><strong>Sed</strong></span> 
     </span>
     <span class='ocr_line' id='line_1_55' title="bbox 193 4113 1901 4193; baseline -0.002 -18"><span class='ocrx_word' id='word_1_564' title='bbox 193 4117 323 4176; x_wconf 90' lang='lat' dir='ltr'><strong>animam</strong></span> <span class='ocrx_word' id='word_1_565' title='bbox 348 4136 406 4175; x_wconf 93' lang='lat' dir='ltr'><strong>non</strong></span> <span class='ocrx_word' id='word_1_566' title='bbox 429 4135 515 4192; x_wconf 88' lang='lat' dir='ltr'><strong>posse</strong></span> <span class='ocrx_word' id='word_1_567' title='bbox 542 4123 654 4191; x_wconf 89' lang='lat' dir='ltr'><strong>partem</strong></span> <span class='ocrx_word' id='word_1_568' title='bbox 681 4119 728 4174; x_wconf 85' lang='lat' dir='ltr'><strong>Dei</strong></span> <span class='ocrx_word' id='word_1_569' title='bbox 762 4116 829 4190; x_wconf 88' lang='lat' dir='ltr'><strong>dici,</strong></span> <span class='ocrx_word' id='word_1_570' title='bbox 856 4115 928 4172; x_wconf 90' lang='lat' dir='ltr'><strong>nihil</strong></span> <span class='ocrx_word' id='word_1_571' title='bbox 959 4113 1015 4172; x_wconf 86' lang='lat' dir='ltr'><strong>tale</strong></span> <span class='ocrx_word' id='word_1_572' title='bbox 1070 4121 1106 4176; x_wconf 88' lang='lat' dir='ltr'><strong>de</strong></span> <span class='ocrx_word' id='word_1_573' title='bbox 1129 4119 1180 4175; x_wconf 92' lang='lat' dir='ltr'><strong>illo</strong></span> <span class='ocrx_word' id='word_1_574' title='bbox 1204 4135 1321 4193; x_wconf 89' lang='lat' dir='ltr'><strong>quoque</strong></span> <span class='ocrx_word' id='word_1_575' title='bbox 1343 4117 1585 4174; x_wconf 84' lang='lat' dir='ltr'><strong>Paradoxoinlrs</strong></span> <span class='ocrx_word' id='word_1_576' title='bbox 1617 4133 1651 4174; x_wconf 82' lang='lat' dir='ltr'><strong>ex</strong></span> <span class='ocrx_word' id='word_1_577' title='bbox 1672 4117 1775 4174; x_wconf 88' lang='lat' dir='ltr'><strong>eodem</strong></span> <span class='ocrx_word' id='word_1_578' title='bbox 1798 4117 1901 4188; x_wconf 82' lang='lat' dir='ltr'><strong>Augu-</strong></span> 
     </span>
     <span class='ocr_line' id='line_1_56' title="bbox 193 4203 1899 4281; baseline -0.004 -18"><span class='ocrx_word' id='word_1_579' title='bbox 193 4207 236 4264; x_wconf 86' lang='lat' dir='ltr'><strong>illi</strong></span> <span class='ocrx_word' id='word_1_580' title='bbox 262 4208 414 4276; x_wconf 76' lang='lat' dir='ltr'><strong>attribuat,</strong></span> <span class='ocrx_word' id='word_1_581' title='bbox 439 4208 601 4281; x_wconf 77' lang='lat' dir='ltr'><strong>egnatium</strong></span> <span class='ocrx_word' id='word_1_582' title='bbox 625 4225 642 4263; x_wconf 84' lang='lat' dir='ltr'><strong>a</strong></span> <span class='ocrx_word' id='word_1_583' title='bbox 668 4211 726 4262; x_wconf 85' lang='lat' dir='ltr'><strong>tam</strong></span> <span class='ocrx_word' id='word_1_584' title='bbox 760 4207 889 4262; x_wconf 82' lang='lat' dir='ltr'><strong>absurda</strong></span> <span class='ocrx_word' id='word_1_585' title='bbox 912 4203 1016 4261; x_wconf 83' lang='lat' dir='ltr'><strong>haeresi</strong></span> <span class='ocrx_word' id='word_1_586' title='bbox 1070 4210 1149 4267; x_wconf 73' lang='lat' dir='ltr'><strong>atino</strong></span> <span class='ocrx_word' id='word_1_587' title='bbox 1175 4207 1273 4263; x_wconf 85' lang='lat' dir='ltr'><strong>latius.</strong></span> <span class='ocrx_word' id='word_1_588' title='bbox 1296 4207 1466 4262; x_wconf 84' lang='lat' dir='ltr'><strong>Gennadius</strong></span> <span class='ocrx_word' id='word_1_589' title='bbox 1491 4210 1542 4261; x_wconf 87' lang='lat' dir='ltr'><strong>aut</strong></span> <span class='ocrx_word' id='word_1_590' title='bbox 1565 4205 1617 4262; x_wconf 89' lang='lat' dir='ltr'><strong>iib.</strong></span> <span class='ocrx_word' id='word_1_591' title='bbox 1642 4207 1742 4262; x_wconf 76' lang='lat' dir='ltr'><strong>Euclea.</strong></span> <span class='ocrx_word' id='word_1_592' title='bbox 1767 4206 1899 4277; x_wconf 76' lang='lat' dir='ltr'><strong>Doqmne,</strong></span> 
     </span>
     <span class='ocr_line' id='line_1_57' title="bbox 193 4292 1900 4372; baseline -0.008 -20"><span class='ocrx_word' id='word_1_593' title='bbox 193 4296 292 4369; x_wconf 90' lang='lat' dir='ltr'><strong>ipsum</strong></span> <span class='ocrx_word' id='word_1_594' title='bbox 309 4299 496 4370; x_wconf 84' lang='lat' dir='ltr'><strong>purgandum</strong></span> <span class='ocrx_word' id='word_1_595' title='bbox 508 4296 657 4365; x_wconf 88' lang='lat' dir='ltr'><strong>existimo,</strong></span> <span class='ocrx_word' id='word_1_596' title='bbox 675 4299 770 4369; x_wconf 84' lang='lat' dir='ltr'><strong>Atque</strong></span> <span class='ocrx_word' id='word_1_597' title='bbox 795 4297 866 4351; x_wconf 89' lang='lat' dir='ltr'><strong>adeo</strong></span> <span class='ocrx_word' id='word_1_598' title='bbox 884 4293 956 4350; x_wconf 90' lang='lat' dir='ltr'><strong>nihil</strong></span> <span class='ocrx_word' id='word_1_599' title='bbox 979 4292 1015 4347; x_wconf 91' lang='lat' dir='ltr'><strong>il·</strong></span> <span class='ocrx_word' id='word_1_600' title='bbox 1071 4299 1170 4372; x_wconf 87' lang='lat' dir='ltr'><strong>[quern</strong></span> <span class='ocrx_word' id='word_1_601' title='bbox 1187 4297 1229 4352; x_wconf 85' lang='lat' dir='ltr'><strong>vel</strong></span> <span class='ocrx_word' id='word_1_602' title='bbox 1245 4296 1314 4352; x_wconf 89' lang='lat' dir='ltr'><strong>hinc</strong></span> <span class='ocrx_word' id='word_1_603' title='bbox 1329 4301 1409 4368; x_wconf 86' lang='lat' dir='ltr'><strong>patet</strong></span> <span class='ocrx_word' id='word_1_604' title='bbox 1427 4297 1456 4353; x_wconf 82' lang='lat' dir='ltr'><strong>S.</strong></span> <span class='ocrx_word' id='word_1_605' title='bbox 1474 4299 1599 4368; x_wconf 83' lang='lat' dir='ltr'><strong>August.</strong></span> <span class='ocrx_word' id='word_1_606' title='bbox 1624 4311 1683 4350; x_wconf 93' lang='lat' dir='ltr'><strong>non</strong></span> <span class='ocrx_word' id='word_1_607' title='bbox 1705 4293 1792 4366; x_wconf 74' lang='lat' dir='ltr'><strong>esaei,</strong></span> <span class='ocrx_word' id='word_1_608' title='bbox 1808 4310 1900 4350; x_wconf 68' lang='lat' dir='ltr'><strong>enar.</strong></span> 
     </span>
     <span class='ocr_line' id='line_1_58' title="bbox 192 4381 1901 4459; baseline -0.002 -18"><span class='ocrx_word' id='word_1_609' title='bbox 192 4385 688 4459; x_wconf 85' lang='lat' dir='ltr'><strong>lumalindvoluisadicerequam</strong></span> <span class='ocrx_word' id='word_1_610' title='bbox 706 4385 834 4457; x_wconf 75' lang='lat' dir='ltr'><strong>quodue</strong></span> <span class='ocrx_word' id='word_1_611' title='bbox 853 4384 1018 4456; x_wconf 72' lang='lat' dir='ltr'><strong>cfslotcliei</strong></span> <span class='ocrx_word' id='word_1_612' title='bbox 1072 4391 1135 4442; x_wconf 88' lang='lat' dir='ltr'><strong>rata</strong></span> <span class='ocrx_word' id='word_1_613' title='bbox 1155 4383 1289 4458; x_wconf 86' lang='lat' dir='ltr'><strong>Origcnis</strong></span> <span class='ocrx_word' id='word_1_614' title='bbox 1318 4383 1474 4456; x_wconf 88' lang='lat' dir='ltr'><strong>sententia,</strong></span> <span class='ocrx_word' id='word_1_615' title='bbox 1505 4384 1613 4455; x_wconf 84' lang='lat' dir='ltr'><strong>etjam</strong></span> <span class='ocrx_word' id='word_1_616' title='bbox 1639 4383 1726 4454; x_wconf 89' lang='lat' dir='ltr'><strong>dicta,</strong></span> <span class='ocrx_word' id='word_1_617' title='bbox 1757 4390 1787 4438; x_wconf 94' lang='lat' dir='ltr'><strong>ut</strong></span> <span class='ocrx_word' id='word_1_618' title='bbox 1814 4381 1901 4452; x_wconf 88' lang='lat' dir='ltr'><strong>dicit,</strong></span> 
     </span>
     <span class='ocr_line' id='line_1_59' title="bbox 192 4471 1898 4547; baseline -0.001 -17"><span class='ocrx_word' id='word_1_619' title='bbox 192 4472 231 4530; x_wconf 91' lang='lat' dir='ltr'><strong>sit</strong></span> <span class='ocrx_word' id='word_1_620' title='bbox 243 4474 350 4530; x_wconf 87' lang='lat' dir='ltr'><strong>animae</strong></span> <span class='ocrx_word' id='word_1_621' title='bbox 364 4473 454 4544; x_wconf 90' lang='lat' dir='ltr'><strong>origo,</strong></span> <span class='ocrx_word' id='word_1_622' title='bbox 467 4475 552 4547; x_wconf 76' lang='lat' dir='ltr'><strong>iuxta</strong></span> <span class='ocrx_word' id='word_1_623' title='bbox 567 4474 640 4530; x_wconf 91' lang='lat' dir='ltr'><strong>illud</strong></span> <span class='ocrx_word' id='word_1_624' title='bbox 657 4473 727 4545; x_wconf 85' lang='lat' dir='ltr'><strong>Gon,</strong></span> <span class='ocrx_word' id='word_1_625' title='bbox 743 4489 763 4528; x_wconf 86' lang='lat' dir='ltr'><strong>tt</strong></span> <span class='ocrx_word' id='word_1_626' title='bbox 781 4489 788 4542; x_wconf 78' lang='grc' dir='ltr'><strong>ς</strong></span> <span class='ocrx_word' id='word_1_627' title='bbox 804 4474 836 4528; x_wconf 81' lang='lat' dir='ltr'><strong>Et</strong></span> <span class='ocrx_word' id='word_1_628' title='bbox 852 4473 930 4542; x_wconf 75' lang='lat' dir='ltr'><strong>{lecit</strong></span> <span class='ocrx_word' id='word_1_629' title='bbox 947 4473 1016 4526; x_wconf 78' lang='lat' dir='ltr'><strong>deus</strong></span> <span class='ocrx_word' id='word_1_630' title='bbox 1073 4473 1322 4530; x_wconf 80' lang='lat' dir='ltr'><strong>Luciferianorunr</strong></span> <span class='ocrx_word' id='word_1_631' title='bbox 1346 4472 1455 4543; x_wconf 90' lang='lat' dir='ltr'><strong>Cyrilli,</strong></span> <span class='ocrx_word' id='word_1_632' title='bbox 1478 4478 1508 4528; x_wconf 91' lang='lat' dir='ltr'><strong>et</strong></span> <span class='ocrx_word' id='word_1_633' title='bbox 1531 4472 1698 4544; x_wconf 90' lang='lat' dir='ltr'><strong>aliquorum</strong></span> <span class='ocrx_word' id='word_1_634' title='bbox 1725 4471 1898 4528; x_wconf 82' lang='lat' dir='ltr'><strong>Latinorum</strong></span> 
     </span>
     <span class='ocr_line' id='line_1_60' title="bbox 192 4550 1899 4636; baseline -0.001 -18"><span class='ocrx_word' id='word_1_635' title='bbox 192 4564 293 4632; x_wconf 72' lang='lat' dir='ltr'><strong>lictum</strong></span> <span class='ocrx_word' id='word_1_636' title='bbox 309 4565 372 4618; x_wconf 70' lang='lat' dir='ltr'><strong>citu</strong></span> <span class='ocrx_word' id='word_1_637' title='bbox 388 4563 417 4618; x_wconf 86' lang='lat' dir='ltr'><strong>in</strong></span> <span class='ocrx_word' id='word_1_638' title='bbox 432 4565 532 4634; x_wconf 78' lang='lat' dir='ltr'><strong>sociem</strong></span> <span class='ocrx_word' id='word_1_639' title='bbox 547 4563 678 4630; x_wconf 80' lang='lat' dir='ltr'><strong>lerninis,</strong></span> <span class='ocrx_word' id='word_1_640' title='bbox 694 4571 720 4619; x_wconf 83' lang='lat' dir='ltr'><strong>et</strong></span> <span class='ocrx_word' id='word_1_641' title='bbox 732 4565 823 4634; x_wconf 73' lang='lat' dir='ltr'><strong>[orlaa</strong></span> <span class='ocrx_word' id='word_1_642' title='bbox 838 4570 876 4618; x_wconf 82' lang='lat' dir='ltr'><strong>est</strong></span> <span class='ocrx_word' id='word_1_643' title='bbox 890 4561 969 4616; x_wconf 81' lang='lat' dir='ltr'><strong>domo</strong></span> <span class='ocrx_word' id='word_1_644' title='bbox 985 4562 1015 4617; x_wconf 83' lang='lat' dir='ltr'><strong>io</strong></span> <span class='ocrx_word' id='word_1_645' title='bbox 1032 4550 1054 4616; x_wconf 80' lang='lat' dir='ltr'><strong>D</strong></span> <span class='ocrx_word' id='word_1_646' title='bbox 1070 4564 1156 4636; x_wconf 90' lang='lat' dir='ltr'><strong>(inter</strong></span> <span class='ocrx_word' id='word_1_647' title='bbox 1171 4579 1245 4636; x_wconf 89' lang='lat' dir='ltr'><strong>quos</strong></span> <span class='ocrx_word' id='word_1_648' title='bbox 1259 4561 1337 4617; x_wconf 90' lang='lat' dir='ltr'><strong>haud</strong></span> <span class='ocrx_word' id='word_1_649' title='bbox 1356 4561 1427 4617; x_wconf 91' lang='lat' dir='ltr'><strong>dubl</strong></span> <span class='ocrx_word' id='word_1_650' title='bbox 1451 4561 1673 4633; x_wconf 84' lang='lat' dir='ltr'><strong>Tertullianus),</strong></span> <span class='ocrx_word' id='word_1_651' title='bbox 1698 4559 1811 4625; x_wconf 87' lang='lat' dir='ltr'><strong>delinit,</strong></span> <span class='ocrx_word' id='word_1_652' title='bbox 1835 4560 1899 4616; x_wconf 82' lang='lat' dir='ltr'><strong>ior-</strong></span> 
     </span>
     <span class='ocr_line' id='line_1_61' title="bbox 192 4647 1903 4724; baseline -0.002 -17"><span class='ocrx_word' id='word_1_653' title='bbox 192 4653 316 4707; x_wconf 86' lang='lat' dir='ltr'><strong>caimom</strong></span> <span class='ocrx_word' id='word_1_654' title='bbox 327 4653 429 4718; x_wconf 82' lang='lat' dir='ltr'><strong>vicem,</strong></span> <span class='ocrx_word' id='word_1_655' title='bbox 455 4651 540 4706; x_wconf 86' lang='lat' dir='ltr'><strong>sicuti</strong></span> <span class='ocrx_word' id='word_1_656' title='bbox 571 4649 807 4724; x_wconf 83' lang='lat' dir='ltr'><strong>frequentissime</strong></span> <span class='ocrx_word' id='word_1_657' title='bbox 828 4649 890 4721; x_wconf 88' lang='lat' dir='ltr'><strong>ipae</strong></span> <span class='ocrx_word' id='word_1_658' title='bbox 918 4647 1015 4704; x_wconf 91' lang='lat' dir='ltr'><strong>incul-</strong></span> <span class='ocrx_word' id='word_1_659' title='bbox 1072 4655 1151 4708; x_wconf 89' lang='lat' dir='ltr'><strong>mato</strong></span> <span class='ocrx_word' id='word_1_660' title='bbox 1162 4652 1225 4722; x_wconf 74' lang='lat' dir='ltr'><strong>lam</strong></span> <span class='ocrx_word' id='word_1_661' title='bbox 1242 4666 1361 4722; x_wconf 85' lang='lat' dir='ltr'><strong>corpore</strong></span> <span class='ocrx_word' id='word_1_662' title='bbox 1377 4650 1506 4705; x_wconf 87' lang='lat' dir='ltr'><strong>animam</strong></span> <span class='ocrx_word' id='word_1_663' title='bbox 1519 4666 1536 4705; x_wconf 90' lang='lat' dir='ltr'><strong>a</strong></span> <span class='ocrx_word' id='word_1_664' title='bbox 1548 4649 1607 4705; x_wconf 84' lang='lat' dir='ltr'><strong>Deo</strong></span> <span class='ocrx_word' id='word_1_665' title='bbox 1619 4649 1711 4705; x_wconf 87' lang='lat' dir='ltr'><strong>creari</strong></span> <span class='ocrx_word' id='word_1_666' title='bbox 1726 4654 1755 4704; x_wconf 82' lang='lat' dir='ltr'><strong>rt</strong></span> <span class='ocrx_word' id='word_1_667' title='bbox 1770 4648 1903 4704; x_wconf 81' lang='lat' dir='ltr'><strong>infundi.</strong></span> 
     </span>
     <span class='ocr_line' id='line_1_62' title="bbox 192 4735 1905 4810; baseline -0.002 -14"><span class='ocrx_word' id='word_1_668' title='bbox 192 4745 248 4806; x_wconf 87' lang='lat' dir='ltr'><strong>cat,</strong></span> <span class='ocrx_word' id='word_1_669' title='bbox 265 4740 465 4796; x_wconf 85' lang='lat' dir='ltr'><strong>maximevero</strong></span> <span class='ocrx_word' id='word_1_670' title='bbox 482 4739 630 4797; x_wconf 78' lang='lat' dir='ltr'><strong>dalaima</strong></span> <span class='ocrx_word' id='word_1_671' title='bbox 647 4757 671 4797; x_wconf 91' lang='lat' dir='ltr'><strong>o.</strong></span> <span class='ocrx_word' id='word_1_672' title='bbox 698 4740 740 4796; x_wconf 94' lang='lat' dir='ltr'><strong>ll.</strong></span> <span class='ocrx_word' id='word_1_673' title='bbox 757 4741 817 4804; x_wconf 87' lang='lat' dir='ltr'><strong>Quo</strong></span> <span class='ocrx_word' id='word_1_674' title='bbox 839 4738 912 4806; x_wconf 90' lang='lat' dir='ltr'><strong>loco,</strong></span> <span class='ocrx_word' id='word_1_675' title='bbox 930 4735 1016 4794; x_wconf 90' lang='lat' dir='ltr'><strong>sicuti</strong></span> <span class='ocrx_word' id='word_1_676' title='bbox 1070 4740 1127 4798; x_wconf 89' lang='lat' dir='ltr'><strong>Noc</strong></span> <span class='ocrx_word' id='word_1_677' title='bbox 1144 4739 1227 4795; x_wconf 87' lang='lat' dir='ltr'><strong>aliter</strong></span> <span class='ocrx_word' id='word_1_678' title='bbox 1242 4743 1342 4794; x_wconf 89' lang='lat' dir='ltr'><strong>auctor</strong></span> <span class='ocrx_word' id='word_1_679' title='bbox 1357 4739 1469 4809; x_wconf 79' lang='lat' dir='ltr'><strong>‹iiclopa&#39;</strong></span> <span class='ocrx_word' id='word_1_680' title='bbox 1483 4738 1514 4794; x_wconf 82' lang='lat' dir='ltr'><strong>de</strong></span> <span class='ocrx_word' id='word_1_681' title='bbox 1528 4740 1688 4796; x_wconf 75' lang='lat' dir='ltr'><strong>arzimcrcm</strong></span> <span class='ocrx_word' id='word_1_682' title='bbox 1702 4738 1808 4810; x_wconf 71' lang='lat' dir='ltr'><strong>origine</strong></span> <span class='ocrx_word' id='word_1_683' title='bbox 1823 4737 1905 4793; x_wconf 87' lang='lat' dir='ltr'><strong>inter</strong></span> 
     </span>
     <span class='ocr_line' id='line_1_63' title="bbox 193 4826 1902 4902; baseline -0.002 -16"><span class='ocrx_word' id='word_1_684' title='bbox 193 4829 282 4887; x_wconf 86' lang='lat' dir='ltr'><strong>etiarn</strong></span> <span class='ocrx_word' id='word_1_685' title='bbox 297 4829 349 4886; x_wconf 89' lang='lat' dir='ltr'><strong>lib.</strong></span> <span class='ocrx_word' id='word_1_686' title='bbox 366 4828 399 4886; x_wconf 81' lang='lat' dir='ltr'><strong>de</strong></span> <span class='ocrx_word' id='word_1_687' title='bbox 413 4831 506 4902; x_wconf 76' lang='lat' dir='ltr'><strong>bapt,</strong></span> <span class='ocrx_word' id='word_1_688' title='bbox 518 4847 543 4886; x_wconf 89' lang='lat' dir='ltr'><strong>o.</strong></span> <span class='ocrx_word' id='word_1_689' title='bbox 558 4831 586 4899; x_wconf 91' lang='lat'><strong>5,</strong></span> <span class='ocrx_word' id='word_1_690' title='bbox 603 4831 742 4898; x_wconf 75' lang='lat' dir='ltr'><strong>numid,</strong></span> <span class='ocrx_word' id='word_1_691' title='bbox 757 4846 822 4885; x_wconf 90' lang='lat' dir='ltr'><strong>eam</strong></span> <span class='ocrx_word' id='word_1_692' title='bbox 839 4828 1016 4901; x_wconf 87' lang='lat' dir='ltr'><strong>interpreta·</strong></span> <span class='ocrx_word' id='word_1_693' title='bbox 1073 4829 1124 4887; x_wconf 86' lang='lat' dir='ltr'><strong>SS.</strong></span> <span class='ocrx_word' id='word_1_694' title='bbox 1141 4829 1258 4884; x_wconf 88' lang='lat' dir='ltr'><strong>Hieron.</strong></span> <span class='ocrx_word' id='word_1_695' title='bbox 1275 4832 1303 4884; x_wconf 89' lang='lat' dir='ltr'><strong>at</strong></span> <span class='ocrx_word' id='word_1_696' title='bbox 1318 4830 1441 4900; x_wconf 81' lang='lat' dir='ltr'><strong>August.</strong></span> <span class='ocrx_word' id='word_1_697' title='bbox 1459 4828 1518 4884; x_wconf 89' lang='lat' dir='ltr'><strong>Nos</strong></span> <span class='ocrx_word' id='word_1_698' title='bbox 1533 4833 1631 4884; x_wconf 89' lang='lat' dir='ltr'><strong>tamen</strong></span> <span class='ocrx_word' id='word_1_699' title='bbox 1655 4826 1729 4883; x_wconf 90' lang='lat' dir='ltr'><strong>nihil</strong></span> <span class='ocrx_word' id='word_1_700' title='bbox 1754 4831 1902 4898; x_wconf 87' lang='lat' dir='ltr'><strong>tanquam</strong></span> 
     </span>
     <span class='ocr_line' id='line_1_64' title="bbox 192 4913 1906 4990; baseline -0.001 -17"><span class='ocrx_word' id='word_1_701' title='bbox 192 4917 303 4974; x_wconf 87' lang='lat' dir='ltr'><strong>tionem</strong></span> <span class='ocrx_word' id='word_1_702' title='bbox 327 4920 493 4974; x_wconf 86' lang='lat' dir='ltr'><strong>consentire</strong></span> <span class='ocrx_word' id='word_1_703' title='bbox 537 4919 721 4976; x_wconf 87' lang='lat' dir='ltr'><strong>ostendimus</strong></span> <span class='ocrx_word' id='word_1_704' title='bbox 752 4935 820 4974; x_wconf 91' lang='lat' dir='ltr'><strong>cum</strong></span> <span class='ocrx_word' id='word_1_705' title='bbox 849 4919 898 4973; x_wconf 86' lang='lat' dir='ltr'><strong>SS.</strong></span> <span class='ocrx_word' id='word_1_706' title='bbox 929 4921 1016 4983; x_wconf 84' lang='lat' dir='ltr'><strong>tren,</strong></span> <span class='ocrx_word' id='word_1_707' title='bbox 1072 4918 1140 4973; x_wconf 88' lang='lat' dir='ltr'><strong>ildel</strong></span> <span class='ocrx_word' id='word_1_708' title='bbox 1155 4917 1258 4973; x_wconf 88' lang='lat' dir='ltr'><strong>docere</strong></span> <span class='ocrx_word' id='word_1_709' title='bbox 1275 4917 1448 4985; x_wconf 87' lang='lat' dir='ltr'><strong>maluimus,</strong></span> <span class='ocrx_word' id='word_1_710' title='bbox 1465 4917 1706 4990; x_wconf 89' lang='lat' dir='ltr'><strong>quandoquidem</strong></span> <span class='ocrx_word' id='word_1_711' title='bbox 1722 4920 1751 4972; x_wconf 90' lang='lat' dir='ltr'><strong>et</strong></span> <span class='ocrx_word' id='word_1_712' title='bbox 1770 4913 1906 4972; x_wconf 82' lang='lat' dir='ltr'><strong>Ecclesia</strong></span> 
     </span>
     <span class='ocr_line' id='line_1_65' title="bbox 193 5003 1906 5080; baseline -0.001 -18"><span class='ocrx_word' id='word_1_713' title='bbox 193 5007 361 5073; x_wconf 88' lang='lat' dir='ltr'><strong>Prudentio,</strong></span> <span class='ocrx_word' id='word_1_714' title='bbox 401 5007 564 5080; x_wconf 78' lang='lat' dir='ltr'><strong>chrysost,</strong></span> <span class='ocrx_word' id='word_1_715' title='bbox 601 5013 719 5076; x_wconf 77' lang='lat' dir='ltr'><strong>august.</strong></span> <span class='ocrx_word' id='word_1_716' title='bbox 760 5011 788 5063; x_wconf 93' lang='lat' dir='ltr'><strong>et</strong></span> <span class='ocrx_word' id='word_1_717' title='bbox 825 5006 1015 5062; x_wconf 88' lang='lat' dir='ltr'><strong>Theodoreto.</strong></span> <span class='ocrx_word' id='word_1_718' title='bbox 1073 5011 1116 5064; x_wconf 92' lang='lat' dir='ltr'><strong>tot</strong></span> <span class='ocrx_word' id='word_1_719' title='bbox 1140 5007 1287 5080; x_wconf 89' lang='lat' dir='ltr'><strong>jaminde</strong></span> <span class='ocrx_word' id='word_1_720' title='bbox 1316 5003 1621 5062; x_wconf 85' lang='lat' dir='ltr'><strong>celebratisconciliis</strong></span> <span class='ocrx_word' id='word_1_721' title='bbox 1649 5004 1724 5061; x_wconf 88' lang='lat' dir='ltr'><strong>nihil</strong></span> <span class='ocrx_word' id='word_1_722' title='bbox 1753 5019 1906 5076; x_wconf 84' lang='lat' dir='ltr'><strong>expresso,</strong></span> 
     </span>
     <span class='ocr_line' id='line_1_66' title="bbox 193 5091 1907 5170; baseline -0.001 -20"><span class='ocrx_word' id='word_1_723' title='bbox 193 5097 323 5162; x_wconf 81' lang='lat' dir='ltr'><strong>Quorum</strong></span> <span class='ocrx_word' id='word_1_724' title='bbox 340 5096 395 5151; x_wconf 84' lang='lat' dir='ltr'><strong>iste</strong></span> <span class='ocrx_word' id='word_1_725' title='bbox 410 5113 416 5152; x_wconf 95' lang='lat'>:</span> <span class='ocrx_word' id='word_1_726' title='bbox 433 5096 556 5152; x_wconf 90' lang='lat' dir='ltr'><strong>Nomine</strong></span> <span class='ocrx_word' id='word_1_727' title='bbox 572 5095 669 5167; x_wconf 88' lang='lat' dir='ltr'><strong>llatus,</strong></span> <span class='ocrx_word' id='word_1_728' title='bbox 695 5096 801 5170; x_wconf 83' lang='lat' dir='ltr'><strong>inquit,</strong></span> <span class='ocrx_word' id='word_1_729' title='bbox 824 5112 883 5151; x_wconf 88' lang='lat' dir='ltr'><strong>nou</strong></span> <span class='ocrx_word' id='word_1_730' title='bbox 905 5093 1018 5150; x_wconf 82' lang='lat' dir='ltr'><strong>intelli·</strong></span> <span class='ocrx_word' id='word_1_731' title='bbox 1073 5094 1282 5168; x_wconf 87' lang='lat' dir='ltr'><strong>quodquidam</strong></span> <span class='ocrx_word' id='word_1_732' title='bbox 1298 5095 1402 5164; x_wconf 89' lang='lat' dir='ltr'><strong>sciam,</strong></span> <span class='ocrx_word' id='word_1_733' title='bbox 1419 5095 1572 5151; x_wconf 90' lang='lat' dir='ltr'><strong>delinitum</strong></span> <span class='ocrx_word' id='word_1_734' title='bbox 1587 5093 1751 5166; x_wconf 86' lang='lat' dir='ltr'><strong>reliquerit.</strong></span> <span class='ocrx_word' id='word_1_735' title='bbox 1767 5091 1907 5148; x_wconf 76' lang='lat' dir='ltr'><strong>Sufficiat</strong></span> 
     </span>
     <span class='ocr_line' id='line_1_67' title="bbox 193 5180 1909 5258; baseline 0 -20"><span class='ocrx_word' id='word_1_736' title='bbox 193 5185 292 5256; x_wconf 87' lang='lat' dir='ltr'><strong>gimus</strong></span> <span class='ocrx_word' id='word_1_737' title='bbox 307 5189 421 5257; x_wconf 89' lang='lat' dir='ltr'><strong>partem</strong></span> <span class='ocrx_word' id='word_1_738' title='bbox 436 5185 564 5258; x_wconf 88' lang='lat' dir='ltr'><strong>aliquam</strong></span> <span class='ocrx_word' id='word_1_739' title='bbox 582 5185 716 5241; x_wconf 87' lang='lat' dir='ltr'><strong>essentim</strong></span> <span class='ocrx_word' id='word_1_740' title='bbox 735 5183 839 5240; x_wconf 76' lang='lat' dir='ltr'><strong>divium</strong></span> <span class='ocrx_word' id='word_1_741' title='bbox 856 5184 1018 5239; x_wconf 81' lang='lat' dir='ltr'><strong>secuudum</strong></span> <span class='ocrx_word' id='word_1_742' title='bbox 1074 5189 1149 5240; x_wconf 88' lang='lat' dir='ltr'><strong>atem</strong></span> <span class='ocrx_word' id='word_1_743' title='bbox 1166 5183 1297 5254; x_wconf 79' lang='lat' dir='ltr'><strong>quadam</strong></span> <span class='ocrx_word' id='word_1_744' title='bbox 1311 5182 1341 5239; x_wconf 94' lang='lat' dir='ltr'><strong>in</strong></span> <span class='ocrx_word' id='word_1_745' title='bbox 1353 5182 1601 5239; x_wconf 84' lang='lat' dir='ltr'><strong>Adnotatlonibus</strong></span> <span class='ocrx_word' id='word_1_746' title='bbox 1617 5180 1909 5255; x_wconf 83' lang='lat' dir='ltr'><strong>adjeccisse,quibus</strong></span> 
     </span>
     <span class='ocr_line' id='line_1_68' title="bbox 192 5270 1907 5344; baseline -0.003 -14"><span class='ocrx_word' id='word_1_747' title='bbox 192 5273 331 5330; x_wconf 84' lang='lat' dir='ltr'><strong>Cerdonis</strong></span> <span class='ocrx_word' id='word_1_748' title='bbox 346 5279 375 5330; x_wconf 86' lang='lat' dir='ltr'><strong>et</strong></span> <span class='ocrx_word' id='word_1_749' title='bbox 390 5274 544 5330; x_wconf 79' lang='lat' dir='ltr'><strong>Marcionis</strong></span> <span class='ocrx_word' id='word_1_750' title='bbox 561 5275 683 5340; x_wconf 86' lang='lat' dir='ltr'><strong>rabiem,</strong></span> <span class='ocrx_word' id='word_1_751' title='bbox 697 5275 746 5328; x_wconf 89' lang='lat' dir='ltr'><strong>sed</strong></span> <span class='ocrx_word' id='word_1_752' title='bbox 763 5275 867 5328; x_wconf 81' lang='lat' dir='ltr'><strong>snimae</strong></span> <span class='ocrx_word' id='word_1_753' title='bbox 882 5277 1018 5328; x_wconf 89' lang='lat' dir='ltr'><strong>naturam</strong></span> <span class='ocrx_word' id='word_1_754' title='bbox 1074 5279 1138 5329; x_wconf 91' lang='lat' dir='ltr'><strong>tum</strong></span> <span class='ocrx_word' id='word_1_755' title='bbox 1163 5274 1192 5327; x_wconf 90' lang='lat' dir='ltr'><strong>S.</strong></span> <span class='ocrx_word' id='word_1_756' title='bbox 1219 5274 1336 5336; x_wconf 83' lang='lat' dir='ltr'><strong>Hieron,</strong></span> <span class='ocrx_word' id='word_1_757' title='bbox 1363 5273 1537 5328; x_wconf 86' lang='lat' dir='ltr'><strong>sententiam</strong></span> <span class='ocrx_word' id='word_1_758' title='bbox 1562 5271 1635 5328; x_wconf 90' lang='lat' dir='ltr'><strong>nihil</strong></span> <span class='ocrx_word' id='word_1_759' title='bbox 1667 5272 1762 5344; x_wconf 84' lang='lat' dir='ltr'><strong>magis</strong></span> <span class='ocrx_word' id='word_1_760' title='bbox 1785 5270 1907 5342; x_wconf 87' lang='lat' dir='ltr'><strong>probari</strong></span> 
     </span>
     <span class='ocr_line' id='line_1_69' title="bbox 193 5357 1908 5434; baseline -0.001 -18"><span class='ocrx_word' id='word_1_761' title='bbox 193 5361 288 5434; x_wconf 86' lang='lat' dir='ltr'><strong>perid</strong></span> <span class='ocrx_word' id='word_1_762' title='bbox 304 5360 447 5429; x_wconf 89' lang='lat' dir='ltr'><strong>denotari,</strong></span> <span class='ocrx_word' id='word_1_763' title='bbox 463 5363 540 5434; x_wconf 89' lang='lat' dir='ltr'><strong>quod</strong></span> <span class='ocrx_word' id='word_1_764' title='bbox 557 5363 657 5418; x_wconf 89' lang='lat' dir='ltr'><strong>anima</strong></span> <span class='ocrx_word' id='word_1_765' title='bbox 670 5363 794 5432; x_wconf 89' lang='lat' dir='ltr'><strong>spiritus</strong></span> <span class='ocrx_word' id='word_1_766' title='bbox 810 5361 848 5416; x_wconf 89' lang='lat' dir='ltr'><strong>sit</strong></span> <span class='ocrx_word' id='word_1_767' title='bbox 868 5360 1019 5416; x_wconf 85' lang='lat' dir='ltr'><strong>rationalia</strong></span> <span class='ocrx_word' id='word_1_768' title='bbox 1075 5359 1316 5432; x_wconf 77' lang='lat' dir='ltr'><strong>significavimus,</strong></span> <span class='ocrx_word' id='word_1_769' title='bbox 1333 5366 1393 5416; x_wconf 92' lang='lat' dir='ltr'><strong>tum</strong></span> <span class='ocrx_word' id='word_1_770' title='bbox 1410 5361 1445 5415; x_wconf 88' lang='lat' dir='ltr'><strong>ad</strong></span> <span class='ocrx_word' id='word_1_771' title='bbox 1463 5365 1637 5433; x_wconf 85' lang='lat' dir='ltr'><strong>argumenta</strong></span> <span class='ocrx_word' id='word_1_772' title='bbox 1661 5357 1836 5416; x_wconf 82' lang='lat' dir='ltr'><strong>Tertulliani</strong></span> <span class='ocrx_word' id='word_1_773' title='bbox 1853 5359 1908 5414; x_wconf 90' lang='lat' dir='ltr'><strong>ab·</strong></span> 
     </span>
     <span class='ocr_line' id='line_1_70' title="bbox 194 5447 1906 5522; baseline -0.003 -15"><span class='ocrx_word' id='word_1_774' title='bbox 194 5449 450 5507; x_wconf 86' lang='lat' dir='ltr'><strong>etintellaotualis.</strong></span> <span class='ocrx_word' id='word_1_775' title='bbox 467 5451 533 5515; x_wconf 84' lang='lat' dir='ltr'><strong>Oura</strong></span> <span class='ocrx_word' id='word_1_776' title='bbox 550 5450 636 5506; x_wconf 83' lang='lat' dir='ltr'><strong>verba</strong></span> <span class='ocrx_word' id='word_1_777' title='bbox 652 5450 724 5505; x_wconf 85' lang='lat' dir='ltr'><strong>mibi</strong></span> <span class='ocrx_word' id='word_1_778' title='bbox 745 5447 833 5504; x_wconf 89' lang='lat' dir='ltr'><strong>etiam</strong></span> <span class='ocrx_word' id='word_1_779' title='bbox 849 5448 934 5505; x_wconf 87' lang='lat' dir='ltr'><strong>aliam</strong></span> <span class='ocrx_word' id='word_1_780' title='bbox 951 5467 1019 5505; x_wconf 84' lang='lat' dir='ltr'><strong>eon·</strong></span> <span class='ocrx_word' id='word_1_781' title='bbox 1075 5448 1174 5515; x_wconf 90' lang='lat' dir='ltr'><strong>surda,</strong></span> <span class='ocrx_word' id='word_1_782' title='bbox 1191 5448 1239 5519; x_wconf 92' lang='lat' dir='ltr'><strong>qui</strong></span> <span class='ocrx_word' id='word_1_783' title='bbox 1267 5449 1358 5504; x_wconf 90' lang='lat' dir='ltr'><strong>sentit</strong></span> <span class='ocrx_word' id='word_1_784' title='bbox 1381 5465 1415 5504; x_wconf 82' lang='lat' dir='ltr'><strong>ex</strong></span> <span class='ocrx_word' id='word_1_785' title='bbox 1440 5448 1621 5522; x_wconf 86' lang='lat' dir='ltr'><strong>corpulentis</strong></span> <span class='ocrx_word' id='word_1_786' title='bbox 1646 5449 1812 5504; x_wconf 85' lang='lat' dir='ltr'><strong>seminibus</strong></span> <span class='ocrx_word' id='word_1_787' title='bbox 1837 5449 1906 5504; x_wconf 85' lang='lat' dir='ltr'><strong>ani-</strong></span> 
     </span>
     <span class='ocr_line' id='line_1_71' title="bbox 191 5536 1905 5614; baseline -0.002 -17"><span class='ocrx_word' id='word_1_788' title='bbox 191 5542 337 5614; x_wconf 86' lang='lat' dir='ltr'><strong>jacturam</strong></span> <span class='ocrx_word' id='word_1_789' title='bbox 354 5539 474 5606; x_wconf 87' lang='lat' dir='ltr'><strong>iaciunt,</strong></span> <span class='ocrx_word' id='word_1_790' title='bbox 490 5539 569 5611; x_wconf 92' lang='lat' dir='ltr'><strong>loqui</strong></span> <span class='ocrx_word' id='word_1_791' title='bbox 582 5541 706 5596; x_wconf 78' lang='lat' dir='ltr'><strong>ductore</strong></span> <span class='ocrx_word' id='word_1_792' title='bbox 736 5555 845 5595; x_wconf 87' lang='lat' dir='ltr'><strong>nonex</strong></span> <span class='ocrx_word' id='word_1_793' title='bbox 874 5554 938 5607; x_wconf 90' lang='lat' dir='ltr'><strong>sue,</strong></span> <span class='ocrx_word' id='word_1_794' title='bbox 968 5539 1019 5594; x_wconf 92' lang='lat' dir='ltr'><strong>sed</strong></span> <span class='ocrx_word' id='word_1_795' title='bbox 1076 5553 1154 5594; x_wconf 89' lang='lat' dir='ltr'><strong>mam</strong></span> <span class='ocrx_word' id='word_1_796' title='bbox 1172 5536 1286 5606; x_wconf 87' lang='lat' dir='ltr'><strong>exoriri,</strong></span> <span class='ocrx_word' id='word_1_797' title='bbox 1311 5553 1346 5594; x_wconf 83' lang='lat' dir='ltr'><strong>aa</strong></span> <span class='ocrx_word' id='word_1_798' title='bbox 1369 5538 1397 5593; x_wconf 92' lang='lat' dir='ltr'><strong>S.</strong></span> <span class='ocrx_word' id='word_1_799' title='bbox 1419 5543 1543 5612; x_wconf 78' lang='lat' dir='ltr'><strong>August.</strong></span> <span class='ocrx_word' id='word_1_800' title='bbox 1569 5541 1598 5595; x_wconf 87' lang='lat' dir='ltr'><strong>et</strong></span> <span class='ocrx_word' id='word_1_801' title='bbox 1620 5537 1774 5594; x_wconf 86' lang='lat' dir='ltr'><strong>Lactantio</strong></span> <span class='ocrx_word' id='word_1_802' title='bbox 1798 5537 1905 5611; x_wconf 87' lang='lat' dir='ltr'><strong>paucis</strong></span> 
     </span>
     <span class='ocr_line' id='line_1_72' title="bbox 196 5625 1294 5702; baseline -0.007 -14"><span class='ocrx_word' id='word_1_803' title='bbox 196 5647 232 5688; x_wconf 79' lang='lat' dir='ltr'><strong>ea</strong></span> <span class='ocrx_word' id='word_1_804' title='bbox 246 5629 403 5687; x_wconf 90' lang='lat' dir='ltr'><strong>Marcionis</strong></span> <span class='ocrx_word' id='word_1_805' title='bbox 412 5628 735 5702; x_wconf 73' lang='lat' dir='ltr'><strong>sententiaprcsertim</strong></span> <span class='ocrx_word' id='word_1_806' title='bbox 747 5643 813 5687; x_wconf 90' lang='lat' dir='ltr'><strong>oum</strong></span> <span class='ocrx_word' id='word_1_807' title='bbox 825 5643 859 5684; x_wconf 86' lang='lat' dir='ltr'><strong>ex</strong></span> <span class='ocrx_word' id='word_1_808' title='bbox 874 5627 1021 5702; x_wconf 88' lang='lat' dir='ltr'><strong>lragmsn·</strong></span> <span class='ocrx_word' id='word_1_809' title='bbox 1076 5625 1294 5697; x_wconf 89' lang='lat' dir='ltr'><strong>respondimus.</strong></span> 
     </span>
    </p>
   </div>
   <div class='ocr_carea' id='block_1_13' title="bbox 0 0 2030 6181">
    <p class='ocr_par' dir='ltr' id='par_1_13' title="bbox 0 0 2030 6181">
     <span class='ocr_line' id='line_1_73' title="bbox 0 0 2030 6181; baseline 0 0"><span class='ocrx_word' id='word_1_810' title='bbox 0 0 2030 6181; x_wconf 95' lang='lat' dir='ltr'><strong> </strong></span> 
     </span>
    </p>
   </div>
  </div>
 </body>
</html>
