4046 6172
1706 10 1713 12 ,,
1773 9 1934 90 v,

211 249 273 311 tte
467 245 732 310 Tauroentum
755 245 916 306 erubuit
942 246 1044 307 PARS
1066 245 1091 308 1.
1108 279 1147 292 -
1166 247 1308 309 suillus
1330 250 1355 325 l,
1374 251 1661 314 APOLOGETICA.
1841 259 1895 320 tto

209 385 355 455 potestate
368 384 449 452 sunt,
464 381 535 438 certi
549 378 718 452 etimpares
732 393 765 434 se
782 391 848 434 esse
862 380 892 434 et
906 377 961 434 hoo
976 393 1037 434 ma·
1050 382 1078 449 Α
1092 379 1539 456 bsmsbomineeiuvitosurgeri
1554 384 1811 446 adsacridcaadum
1821 389 1893 462 (nam

209 471 256 547 gis
271 469 400 546 perditos
415 471 438 506 ³⁸
462 469 587 544 ingratis
607 464 775 526 resistimus
799 470 830 521 ut
854 465 993 540 equales,
1008 469 1038 523 et
1091 471 1120 524 et
1134 467 1208 526 alias
1223 469 1327 527 divinos
1342 471 1382 528 rei
1399 471 1537 528 iacienda
1561 471 1655 530 libeas
1677 475 1789 533 suimus
1801 477 1893 537 iudici-

209 575 410 636 repuguamus
425 559 644 633 perseverantes
663 557 693 612 in
709 572 742 614 eo
757 555 834 628 quod
851 559 1034 629 oppugnant,
1090 561 1140 614 tur
1153 558 1187 634 ³⁸)
1203 575 1211 614 ι
1226 560 1304 616 420
1316 563 1393 618 certe
1408 559 1542 634 ineptum
1565 562 1786 635 existimaretur,
1800 566 1823 623 ai
1837 569 1895 641 quis

209 656 238 707 et
253 649 479 724 illosnuuquam
492 648 585 722 magis
598 645 857 718 detriumphamus
873 645 1036 719 (83),quam

209 755 276 797 oum
292 755 344 812 pro
360 738 430 796 ildei
444 736 644 795 obstinatione
659 734 848 792 damnamur.

439 861 517 922 aab
536 859 653 919 CAPUT
669 857 799 918 XXVIII.

207 976 427 1028 Aseuuaurost.
454 999 491 1011 -
513 969 593 1034 ilinc,
621 975 766 1040 postquam
792 967 889 1038 paoem
914 965 1035 1022 oruadit

243 1045 532 1116 iniquttclemaoactae
553 1041 709 1109 rettqionis,
732 1039 826 1110 quotis
849 1040 891 1094 uis
919 1039 1033 1094 Numine

239 1115 356 1188 probari
375 1130 429 1169 aon
444 1121 542 1185 potest.
557 1114 603 1168 cui
617 1111 672 1180 (rut
690 1126 726 1166 ce
745 1111 860 1166 itteram
883 1111 1033 1183 scatentia)

242 1187 330 1242 tibens
353 1187 464 1242 orimus
492 1183 585 1240 addici
606 1182 691 1250 debet,
711 1183 800 1252 pcrqit
825 1179 860 1236 od
883 1183 1033 1238 secuudum

242 1258 356 1314 titutum
369 1258 453 1324 iaesa,
469 1259 496 1310 et
519 1253 629 1328 quidem
653 1254 776 1325 majoris,
797 1252 957 1310 Divinitatis
968 1271 978 1307 :
991 1255 1031 1309 si·

242 1329 353 1402 quidem
378 1329 423 1386 iili
446 1342 549 1383 namen
573 1327 723 1381 uiuentium
749 1325 951 1396 imperatorum
974 1341 1032 1396 praa

241 1401 367 1458 omuibus
390 1399 445 1455 dtis
465 1399 534 1469 auis,
557 1399 673 1454 mortuis
695 1395 798 1452 scilicet
821 1397 953 1454 venerari
974 1399 1032 1454 sini

240 1471 317 1528 soliti
329 1492 340 1542 ‚·
353 1470 654 1542 deprcleedoaterque
668 1469 707 1524 ita
721 1465 876 1539 irreligiosi
889 1483 953 1540 erqo
967 1467 1031 1524 deos

238 1559 313 1612 suos,
328 1557 395 1616 quos
404 1555 466 1614 pree
478 1542 637 1600 describas
651 1539 709 1595 suis
727 1545 903 1596 contemnere
916 1543 942 1596 et
959 1555 1028 1612 per·

234 1615 323 1689 justis
337 1615 462 1686 poliuere
475 1629 531 1670 oon
547 1611 694 1669 desistant.

236 1719 381 1788 Quoniam
396 1722 495 1778 autem
510 1717 596 1776 incita
611 1717 749 1792 iniquum
772 1715 921 1773 videretur
943 1715 976 1786 ⁸¹,
992 1715 1028 1772 li·

1091 646 1128 704 ab
1143 647 1200 704 alio
1215 651 1369 722 cogeretur
1382 649 1420 705 ad
1434 649 1575 708 honorem
1589 651 1722 722 deorum,
1736 669 1806 724 quos
1825 655 1894 716 ultro

1089 735 1136 792 sai
1152 752 1244 793 eausa
1260 737 1377 808 placare
1393 737 1523 806 deberet,
1538 755 1641 814 aspra
1657 757 1743 798 manu
1753 745 1894 817 essetjure

1088 822 1234 882 libertatis
1249 824 1346 883 dicere
1360 843 1367 884 :
1380 826 1453 885 Nolo
1469 828 1542 886 mibi
1555 829 1656 888 iovem
1682 830 1833 904 propitium
1846 875 1853 904 ‚
1867 839 1895 894 tu

1089 914 1156 987 quis
1170 915 1193 950 ⁸⁹
1207 919 1253 972 set
1264 932 1311 973 ms
1325 917 1479 974 conveniat
1491 918 1584 976 ianus
1605 919 1661 992 tat)
1687 920 1777 977 iratus
1799 937 1831 978 er
1844 939 1896 996 qua

1029 1040 1035 1052 .
1088 1001 1361 1077 velittrnn103quid
1376 1005 1431 1062 tibi
1443 1021 1560 1064 mecam
1582 1007 1649 1064 esti
1664 1010 1787 1066 Formati
1801 1011 1895 1070 estistl

1088 1093 1124 1148 ab
1140 1092 1245 1149 iisdem
1262 1093 1363 1167 utiquo
1375 1095 1540 1168 spiritibus,
1556 1100 1589 1153 ut
1603 1114 1657 1154 nos
1672 1113 1723 1170 pro
1738 1097 1828 1154 salute
1840 1099 1891 1156 im·

1087 1181 1232 1254 paratoria
1244 1183 1408 1241 sacriileare
1424 1185 1547 1258 cogatis,
1572 1191 1603 1243 et
1627 1186 1764 1258 imposita
1785 1191 1827 1246 est
1839 1194 1892 1246 tuus

1086 1271 1168 1328 vobis
1190 1271 1350 1328 necessitas
1372 1275 1507 1347 eogendi,
1536 1291 1624 1348 quam
1658 1275 1742 1333 uobis
1764 1277 1891 1352 obligatio

1086 1359 1280 1433 periclitandi.
1297 1363 1424 1418 Ventum
1438 1366 1483 1419 est
1497 1362 1588 1436 igitur
1602 1363 1638 1420 ad
1663 1365 1820 1422 secundum
1832 1366 1893 1423 titu-

1085 1448 1147 1506 lum
1161 1448 1235 1506 lesa
1251 1451 1431 1521 augustioris
1446 1451 1619 1524 msJestatia
1635 1451 1779 1526 siquidem
1794 1456 1891 1528 sudore

1084 1537 1242 1596 formidine
1256 1543 1285 1596 et
1299 1539 1450 1598 callidiore
1465 1541 1657 1600 “timiditate
1681 1543 1737 1614 (85)
1764 1546 1890 1602 cesarem

1083 1627 1258 1698 observatis,
1274 1644 1361 1701 quam
1380 1628 1479 1703 ipsum
1496 1630 1532 1688 de
1546 1629 1670 1705 Olympo
1684 1631 1782 1689 iovem
1797 1633 1895 1706 (ditet

1084 1715 1188 1774 merito
1204 1716 1262 1788 (87)
1276 1717 1301 1773 si
1317 1716 1510 1785 caiatiaouis
1524 1718 1604 1776 enim
1619 1735 1655 1777 ex
1669 1719 1827 1779 viventibus
1839 1738 1890 1778 uon

914 1875 1016 1940 Varias
1035 1875 1198 1940 lectiones.

235 1997 415 2070 “perditos
430 1998 515 2055 Fran.
531 1996 622 2053 Pas-is.
639 1997 670 2052 1..
721 1993 744 2031 ⁸¹
759 1992 892 2060 Videtur,
907 1993 992 2051 Fran.
1045 1993 1068 2031 ⁸⁸
1083 1992 1247 2066 inducitur,
1261 1993 1347 2051 iiim.
1358 1995 1449 2066 Paris,
1501 1995 1525 2032 ⁸⁸
1548 1995 1612 2065 ont,
1635 1994 1720 2054 Semi.
1770 1996 1792 2033 ⁶⁰
1811 1996 1893 2054 lnior·

201 2069 286 2144 meti,
300 2071 392 2128 Paris.
431 2069 454 2107 ⁴¹
469 2067 623 2139 ualidiore,
639 2067 751 2124 flauere.
766 2065 850 2125 ecod.
864 2065 944 2122 l'ald.

925 2208 1189 2274 Commentarius.

200 2327 279 2386 anim
293 2341 446 2388 servorum
463 2324 574 2401 passim
590 2293 758 2384 helladium
773 2323 826 2382 illa
840 2325 919 2399 apud
930 2323 1025 2384 Plaut.
1041 2328 1066 2395 Β
1080 2325 1158 2398 apud
1173 2322 1307 2382 Persium
1321 2327 1381 2382 Sat.
1400 2341 1420 2395 ι,
1435 2325 1463 2382 5.
1479 2323 1552 2392 ouis
1564 2327 1658 2384 launa
1673 2326 1703 2385 iu
1718 2325 1836 2384 ridicula
1848 2325 1892 2386 illu

199 2402 277 2458 run.
295 2403 343 2473 lv,
357 2416 389 2470 tt,
403 2399 431 2458 5.

244 2499 282 2550 lta
295 2512 337 2550 me
352 2497 388 2550 dli
404 2496 552 2560 amens,ch
565 2495 593 2546 ln
607 2495 734 2558 latomiis,
748 2493 793 2547 rel
805 2496 833 2547 in
849 2495 1028 2622 matama-

250 2623 336 2690 Agere
350 2625 465 2682 etatem,
480 2620 646 2686 prepeditus
660 2620 746 2671 latera
759 2619 821 2672 torti
840 2621 912 2672 terro
927 2635 995 2672 mea.

195 2725 230 2778 nt
244 2721 346 2778 minax
360 2719 464 2793 Hegio,
480 2722 568 2792 caput
582 2735 627 2789 ιιι,
642 2733 670 2776 v.
685 2718 730 2775 di.

564 2814 659 2866 Ducite

323 2879 372 2932 llbl
387 2877 553 2944 ponderosas
567 2891 670 2929 crassas
679 2877 767 2952 capiat
779 2878 934 2942 compedes.

335 2941 402 2994 iude
417 2943 467 2992 ibis
481 2955 562 3006 porro
578 2941 606 2992 iu
622 2943 745 2992 latomias
757 2941 899 3005 lapidarias
914 2955 921 2991 :

335 3005 375 3056 lbt
392 3018 473 3069 quom
489 3003 533 3055 alii
549 3009 662 3054 octonos
677 3001 804 3054 effodiant

336 3067 391 3118 Nisi
406 3067 558 3119 cotidianus
573 3067 736 3140 sesquiopus
750 3039 907 3128 coniecerit,

337 3130 550 3193 Sescentoplago
565 3143 666 3180 nomeu
683 3128 792 3179 sudetur
803 3128 860 3178 tlbl.
893 3145 897 3154 ¹

197 3221 238 3276 lix
253 3235 310 3291 quo
325 3217 388 3274 loeo
399 3218 520 3290 pulchre
532 3217 618 3274 etiam
630 3233 755 3288 pensum
767 3215 907 3272 diurnum
923 3215 1024 3289 lapici-

197 3291 302 3348 darum
318 3289 417 3362 colligi
433 3293 538 3362 potest.
554 3287 798 3344 Molestissimum
814 3288 924 3346 ibidem
940 3286 1024 3346 lubo-

195 3378 258 3420 rem
269 3365 406 3434 expertus
421 3365 547 3418 testatur
559 3360 715 3433 Tyndarus
730 3376 757 3416 v.
773 3375 813 3416 ιν.
828 3377 848 3430 ι,

241 3467 302 3520 Vidi
317 3481 367 3532 ego
382 3467 466 3517 multa
480 3480 552 3531 caspe
574 3468 654 3532 pieta,
679 3479 740 3530 quas
765 3464 912 3516 Acherunti
928 3465 1024 3517 flerent

240 3530 447 3592 cruciaments;
464 3542 557 3580 verum
581 3529 719 3580 enimvero
747 3527 823 3579 nulla
846 3530 958 3592 adaeque
982 3533 1024 3580 est

240 3653 327 3720 Atque
343 3653 388 3704 nbi
404 3667 454 3718 ego
468 3653 508 3704 lul
524 3653 552 3704 in
567 3651 726 3717 lapicidinis.
841 3591 990 3655 Aeherunfl'

1083 2396 1197 2454 Claudii
1213 2395 1464 2470 Apooolooyntosi,
1481 2415 1570 2471 quam
1589 2399 1663 2456 lusit
1687 2399 1804 2466 Seneca,
1817 2415 1892 2456 voca·

1082 2473 1131 2525 tur
1145 2486 1154 2524 :
1170 2467 1263 2526 llomo
1279 2471 1471 2542 quantumvis
1484 2471 1576 2539 valer,
1592 2473 1643 2544 qui
1658 2485 1774 2546 semper
1794 2471 1891 2528 uidet»

1083 2537 1141 2624 dipsa
1166 2538 1334 2624 turpissumi
1364 2537 1461 2598 ὀπίσω.
1495 2542 1585 2608 Quem
1615 2543 1716 2616 itaque
1742 2543 1890 2617 bilinguem

1081 2611 1321 2740 ιιξιέῃιιίοιιὸιιιιιι
1336 2610 1470 2685 Syllam,
1498 2616 1526 2682 2,
1555 2614 1598 2670 15.
1627 2614 1776 2674 consulat.
1802 2613 1891 2675 Domi·

1511 2783 1593 2834 uvat
1607 2796 1670 2836 seca
1687 2785 1796 2850 supinas

1127 2843 1195 2894 illue
1203 2845 1284 2908 atque
1293 2841 1357 2894 inde
1366 2847 1639 2912 manus,gaminaque
1650 2847 1701 2899 hue
1711 2861 1772 2900 voce
1781 2844 1893 2912 protatur

1079 2948 1139 3006 lloo
1152 2949 1217 3006 loeo
1230 2945 1262 3002 τὸ
1276 2964 1311 3006 ec
1325 2949 1464 3022 expungit
1479 2949 1564 3008 Fuld.
1581 2967 1589 3020 ς
1607 2951 1687 3008 unde
1702 2952 1820 3010 tortasse
1831 2966 1891 3007 vers
1999 2923 2000 3014 i

1079 3020 1249 3092 conjectura
1261 3022 1279 3076 J
1281 3020 1341 3077 unii
1357 3025 1387 3078 et
1419 3023 1467 3078 aia
1480 3023 1548 3079 oetit
1560 3024 1661 3095 fronte
1678 3023 1748 3081 lisv.

1116 3092 1172 3166 (85)
1189 3092 1329 3149 calidiore
1343 3038 1507 3151 timiditate.
1525 3095 1568 3151 lta
1591 3109 1626 3151 ex
1649 3111 1731 3154 resse
1752 3090 1894 3167 legiturin

1078 3162 1148 3219 (iod.
1164 3163 1247 3230 Fuld,
1264 3163 1463 3235 adstipuloute
1478 3165 1566 3222 etiam
1581 3112 1647 3223 atri

1078 3231 1193 3306 legatur
1206 3234 1363 3308 locumque
1379 3236 1491 3308 passim
1515 3239 1670 3312 occuparit
1683 3255 1737 3296 vox
1757 3237 1893 3294 calidiore.

1078 3307 1145 3373 Quae
1160 3307 1207 3362 hio
1222 3307 1321 3363 minus
1336 3313 1406 3380 apta
1416 3307 1553 3378 videtum
1568 3308 1632 3366 vult
1646 3310 1725 3367 enim
1740 3308 1893 3382 exprimere

1077 3381 1180 3434 auctor
1194 3377 1335 3435 fervorem
1351 3382 1380 3436 et
1394 3378 1489 3436 uelum
1506 3379 1658 3454 religionis
1678 3397 1764 3457 quem
1779 3384 1892 3452 praten·

1078 3449 1187 3506 debant
1213 3450 1347 3533 gentiles,
1375 3467 1522 3523 quemque
1550 3454 1683 3510 ostendit
1707 3451 1893 3510 ardentiorem

1078 3520 1173 3578 multo
1197 3537 1275 3578 eirca
1300 3522 1505 3594 imperatores,
1541 3524 1593 3595 qui
1617 3524 1753 3583 homines
1774 3526 1889 3587 mutum,

1641 3168 1701 3236 ino,
1717 3182 1782 3224 eum
1797 3165 1824 3220 in
1838 3163 1895 3220 aliis

1077 3608 1166 3664 quam
1188 3592 1259 3650 deos
1279 3592 1361 3664 ipsos
1386 3611 1461 3668 quos
1482 3595 1641 3653 credebant
1666 3594 1848 3654 immortales.
1862 3596 1892 3647 nt
1997 3607 1998 3630 ι

1035 3689 1058 3758 c
1077 3665 1154 3721 sieut
1166 3664 1287 3722 calidam
1300 3663 1490 3723 timiditatem
1506 3667 1634 3739 appellat
1661 3666 1781 3726 Tertull.
1796 3679 1888 3723 assen-

192 3757 261 3810 Heo
274 3769 427 3827 poenarum
443 3768 551 3826 genera
562 3755 753 3809 recensentur
767 3751 804 3808 ab
815 3753 921 3810 Nostro
932 3750 1019 3810 stiam
1076 3737 1216 3792 “timim
1227 3736 1307 3792 5¹¹⁸OE
1322 3739 1449 3808 ‘lumb
1462 3737 1611 3812 ΡθῙῙΒῘΟΠῙΒ
1625 3743 1656 3796 θῑ
1671 3738 1789 3796 h⁰¹¹⁰ii⁸
1803 3733 1889 3810 ⁵P⁰⁰i⁰

193 3824 281 3894 inira,
298 3841 323 3882 c.
340 3826 375 3882 ll
391 3842 398 3881 :
412 3847 427 3876 ιι
444 3832 483 3882 tle
499 3825 604 3882 vestris
630 3841 747 3897 semper
768 3828 874 3881 estuat
897 3839 1017 3882 carcer:

194 3897 231 3954 de
249 3896 353 3954 vestris
378 3913 495 3970 semper
519 3895 638 3953 metalla
661 3897 813 3970 suspirant
830 3913 836 3952 :
853 3896 888 3952 de
913 3897 1027 3954 vestris·

193 3985 310 4042 semper
324 3969 424 4026 bestie
440 3968 632 4041 saginantur:
650 3968 686 4024 da
700 3968 805 4026 vestris
823 3984 939 4040 semper
952 3984 1017 4024 mu-

193 4041 300 4098 nerarii
316 4041 470 4098 noxiorum
481 4057 532 4114 gre
554 4057 584 4096 es
601 4044 752 4113 pascunt.»
771 4045 807 4098 st
821 4057 908 4097 vero:
923 4039 1017 4097 litium

194 4113 242 4184 qui
258 4115 439 4170 damnantur
453 4113 481 4168 iu
498 4057 613 4180 laium,
629 4111 716 4184 quale
730 4115 785 4177 est,
800 4116 834 4168 ut
852 4112 888 4169 de
912 4111 1017 4170 leuiore

193 4185 300 4242 delicto
316 4185 346 4241 iu
362 4184 526 4241 homicides
537 4184 742 4242 emendations
757 4184 921 4256 proficiunt,
939 4207 953 4236 n
968 4185 1016 4240 ia-

192 4257 258 4385 inst
272 4255 322 4313 lib.
339 4255 371 4312 tie
381 4255 502 4383 S‘uectae.
519 4255 592 4312 Nota
605 4271 673 4312 vero
689 4253 808 4312 metalla
822 4255 912 4314 etiam
928 4255 1017 4330 sigui·

213 4345 279 4385 aare
292 4345 382 4385 venus
409 4328 540 4402 cpidum.
554 4333 699 4396 Lucanus,
716 4328 762 4398 lv,
778 4328 841 4385 303.

216 4465 220 4470 ·
235 4445 311 4494 Tune
323 4442 453 4494 exhausta
466 4457 548 4506 super
562 4442 648 4494 multo
662 4442 761 4494 sudore
773 4441 902 4506 juventus

235 4505 391 4558 Extrahitur
404 4506 477 4558 duris
491 4505 594 4558 silicum
608 4506 707 4558 lassata
720 4506 843 4557 metallis.

189 4613 224 4671 bt
236 4629 277 4682 vr,
293 4612 337 4670 et.

234 4719 361 4787 lugentes
371 4721 462 4770 cautes
475 4719 622 4784 avulsaque
637 4732 703 4770 saxa
716 4717 839 4769 metallis.
857 4719 920 4771 llas.

187 4825 280 4954 Elii)
307 4829 458 4899 Nunquam
489 4825 581 4897 maqis
609 4823 859 4899 detriumphamus.
888 4826 1014 4900 Prosper

210 4915 286 4974 psgr.

233 4995 309 5055 Quod
326 4995 484 5060 plerumque
499 4992 560 5043 mati
580 4993 608 5044 iu
623 4996 730 5044 sanctos
758 4995 852 5045 sevire
873 4995 1012 5048 sinuntur.

248 5056 378 5121 Quodque
393 5059 472 5108 bunis
486 5057 561 5120 pravi
575 5069 646 5120 sape
663 5068 761 5107 nocere
776 5061 888 5121 queunt.

233 5119 340 5182 llosque
357 5119 403 5170 Dei
420 5123 487 5170 nutu
503 5132 557 5168 nou
572 5117 611 5179 iit,
625 5119 672 5231 qui
686 5118 767 5169 eorda
782 5133 892 5170 suorum

249 5181 294 5230 llis
308 5182 387 5232 etiam
403 5181 480 5232 bellis
491 5180 629 5244 glorificari
651 5195 667 5231 a
681 5180 785 5244 probat.

229 5243 357 5294 crescunt
370 5245 500 5295 virtutum
514 5243 620 5307 palmis.
634 5247 811 5308 crescuntque
825 5257 931 5296 coronae

243 5305 383 5357 Mutantur
396 5307 491 5358 mundi
506 5305 598 5370 praelis
612 5319 678 5370 pace
692 5307 751 5357 llei.

215 5394 273 5468 (ul)
288 5395 331 5451 Ec
344 5411 398 5468 qua
413 5394 480 5450 velit
501 5395 601 5464 trente.
617 5398 708 5461 Quem
733 5395 832 5470 itaque
855 5399 919 5454 tuto
934 5395 1008 5453 sub·

181 5467 325 5539 cannabo,
336 5481 390 5524 neo
408 5466 519 5524 videbit
534 5482 591 5524 me.

225 5566 336 5630 Olane,
352 5579 368 5617 a
384 5569 459 5630 tergo
475 5577 553 5630 quem
567 5564 640 5616 nulla
655 5563 759 5616 ciconia
772 5564 865 5678 gurali.

225 5630 279 5680 Nec
294 5643 391 5682 ιιιιιιιιιιι
404 5627 541 5680 auriculas
555 5628 659 5680 imitata
674 5637 713 5679 est
727 5639 772 5678 mo
792 5627 833 5678 ills
847 5626 929 5692 albas,

225 5691 279 5748 Nee
295 5691 403 5762 lingua,
419 5696 551 5762 quantum
568 5691 642 5747 sitiat
656 5691 730 5748 cauis
745 5689 852 5758 appula,
867 5693 950 5745 tantas
965 5706 973 5759 ;

1074 3808 1176 3864 multis
1192 3807 1300 3880 ineptis
1315 3809 1413 3866 verbis
1429 3811 1463 3866 lit
1477 3813 1593 3879 Caeam,
1610 3811 1652 3868 ita
1668 3811 1817 3868 Lucretius
1828 3823 1889 3882 quo·

1073 3895 1131 3952 qus
1146 3879 1272 3938 amicam
1285 3881 1372 3951 cujus
1387 3880 1488 3956 lingua
1504 3899 1657 3955 nunquam
1674 3883 1751 3953 silet,
1767 3883 1814 3940 sed
1830 3895 1887 3936 ver·

1072 3951 1159 4010 boses
1175 3969 1270 4025 nugas
1282 3969 1400 4025 semper
1411 3960 1441 4010 st
1455 3953 1564 4028 ubique
1580 3952 1887 4028 proiundit,aptiseimo

1071 4024 1159 4081 verbo
1174 4030 1257 4082 uocat
1270 4025 1445 4096 itoqraatem.
1463 4025 1514 4083 lib.
1531 4043 1569 4094 ιιι,
1587 4028 1631 4083 tl.
1647 4032 1675 4084 9.

1120 4129 1154 4180 st
1166 4128 1292 4192 darant,
1306 4127 1410 4192 odiosa,
1426 4130 1577 4196 loquacula,
1595 4131 1737 4196 λαμπάδιον
1750 4129 1787 4182 tit.

1071 4234 1165 4292 Facile
1179 4235 1280 4308 itaque
1293 4235 1350 4292 diis
1365 4237 1429 4293 suis
1445 4239 1730 4310 superinduxitstsia
1740 4235 1885 4296 Romamet
1995 4265 1996 4275 ι

1070 4307 1461 4392 cesarem,quihus·templa
1475 4310 1565 4366 erexit
1581 4311 1753 4368 adhucdum
1768 4311 1795 4368 iu
1806 4323 1884 4365 num·

1070 4395 1126 4436 mss
1141 4395 1310 4450 conspicua,
1325 4380 1413 4437 titulo
1428 4397 1496 4438 sors.
1518 4399 1552 4440 ur
1564 4399 1629 4440 sva.
1646 4399 1716 4440 coss.
1741 4400 1794 4440 sss.
1816 4382 1883 4438 Con·

1069 4450 1340 4524 auleproiereutsm
1367 4452 1433 4509 illos
1457 4453 1595 4511 Patinum
1617 4454 1648 4510 iu
1671 4456 1760 4512 Thes.
1775 4470 1803 4526 p.
1815 4453 1846 4508 te
1857 4452 1883 4506 et

1068 4523 1114 4579 52.
1129 4525 1197 4580 God.
1210 4524 1242 4581 L.
1259 4529 1291 4579 B.
1306 4527 1410 4596 snajort
1423 4529 1448 4580 et
1462 4525 1617 4583 callidiori.
1634 4529 1703 4584 llas.

1105 4595 1159 4668 (ild)
1187 4599 1232 4680 lie⁸
1252 4595 1366 4680 thmpo
1387 4597 1488 4652 iovem.
1515 4598 1558 4654 lta
1577 4597 1728 4670 eleganter
1751 4593 1881 4674 loquitur,

1067 4668 1407 4795 iginiiiu¹⁵⁵⁰i·dmm
1421 4668 1514 4725 iovem
1534 4666 1711 4753 Olympium.
1730 4667 1783 4725 Sed
1798 4665 1882 4792 volgrt

1067 4823 1160 4867 ιι...
1175 4747 1881 4885 spustibilem?‘liticinibus

1066 4881 1204 4951 amicam,
1219 4882 1275 4946 vel.
1293 4886 1325 4938 ut
1339 4886 1421 4939 notat
1433 4881 1571 4952 salman,
1588 4885 1624 4940 ad
1640 4884 1762 4942 delicat.
1781 4884 1880 4938 status

1066 4952 1195 5026 lingitis,
1212 4969 1241 5026 p.
1266 4955 1313 5023 36,
1337 4953 1432 5011 iacchi
1462 4959 1586 5012 matrem
1613 4956 1664 5027 qui
1691 4957 1780 5013 irater
1802 4951 1882 5009 luerit

1025 5022 1255 5125 DProssrpinn.
1271 5025 1364 5083 Locus
1379 5029 1469 5099 poeta
1484 5031 1530 5084 est
1543 5043 1582 5100 ιιι,
1599 5028 1677 5084 llos.

1110 5147 1267 5212 strantes
1281 5153 1308 5202 et
1321 5162 1478 5214 mammosa,
1493 5151 1575 5202 ceres
1589 5154 1629 5202 est
1642 5151 1702 5216 lpse
1718 5149 1751 5202 ab
1765 5145 1861 5200 laccho.

1063 5255 1125 5321 Quo
1148 5255 1309 5328 respiciens
1333 5256 1441 5314 Arnob.
1466 5256 1518 5314 lib.
1543 5275 1595 5327 ur;
1622 5280 1636 5309 ιι
1661 5259 1729 5314 ivet
1755 5267 1877 5316 animus,

1062 5331 1151 5454 atque
1167 5328 1249 5384 ardet
1263 5328 1292 5383 in
1306 5326 1476 5386 chalcidicis
1500 5328 1559 5388 illis
1586 5329 1713 5402 magnis,
1739 5334 1826 5399 atquc
1850 5321 1877 5378 iu

1062 5415 1099 5471 pa
1113 5399 1181 5456 atiis
1199 5397 1264 5456 coeli
1280 5400 1409 5473 deosque
1423 5401 1553 5475 deasque
1576 5402 1745 5475 conspicere
1768 5394 1877 5455 intectis
1991 5427 1992 5430 =

1062 5470 1233 5554 corporibus
1249 5475 1337 5543 atque
1353 5472 1441 5556 nudis
1454 5491 1461 5541 ;
1473 5474 1515 5531 Ab
1531 5473 1632 5532 laccho
1652 5476 1782 5530 Cererem
1798 5482 1877 5526 musa

1061 5543 1245 5680 utAEraedtcst
1260 5543 1397 5616 Lucretii]
1415 5561 1648 5616 mammosam»
1665 5549 1719 5603 ete.
1737 5545 1806 5600 ilsv.

1122 5615 1150 5684 7)
1165 5615 1198 5671 Et
1210 5617 1322 5673 merito.
1340 5615 1480 5675 Voculam
1497 5626 1524 5675 et
1538 5617 1614 5676 delet
1630 5619 1658 5674 l.
1673 5621 1705 5673 B.
1721 5613 1785 5670 atd.
1800 5615 1875 5668 Bait·
1990 5631 1991 5684 l

1059 5688 1089 5744 et
1107 5685 1200 5746 Rhea.
1216 5691 1257 5750 et.
1277 5689 1374 5764 prima
1388 5707 1398 5750 .·
1413 5692 1500 5752 etiam
1519 5689 1632 5768 legunt,
1657 5687 1770 5752 scilicet
1783 5687 1815 5746 ut
1828 5681 1876 5742 iu·
