<?xml version="1.0" encoding="UTF-8"?>
<!DOCTYPE html PUBLIC "-//W3C//DTD XHTML 1.0 Transitional//EN"
    "http://www.w3.org/TR/xhtml1/DTD/xhtml1-transitional.dtd">
<html xmlns="http://www.w3.org/1999/xhtml" xml:lang="en" lang="en">
 <head>
  <title>
</title>
<meta http-equiv="Content-Type" content="text/html;charset=utf-8" />
  <meta name='ocr-system' content='tesseract 3.04.00' />
  <meta name='ocr-capabilities' content='ocr_page ocr_carea ocr_par ocr_line ocrx_word'/>
</head>
<body>
  <div class='ocr_page' id='page_1' title='image "./patrologiaecurs98unkngoog/patrologiaecurs98unkngoog_0178.png"; bbox 0 0 4050 6186; ppageno 0'>
   <div class='ocr_carea' id='block_1_1' title="bbox 118 283 1794 366">
    <p class='ocr_par' dir='ltr' id='par_1_1' title="bbox 118 283 1794 366">
     <span class='ocr_line' id='line_1_1' title="bbox 118 283 1794 366; baseline -0.008 -6"><span class='ocrx_word' id='word_1_1' title='bbox 118 297 165 360; x_wconf 75' lang='lat' dir='ltr'>ili</span> <span class='ocrx_word' id='word_1_2' title='bbox 643 283 1052 366; x_wconf 64' lang='lat' dir='ltr'>nrouoeualausjattv.</span> <span class='ocrx_word' id='word_1_3' title='bbox 1078 285 1243 349; x_wconf 76' lang='lat' dir='ltr'>esurus</span> <span class='ocrx_word' id='word_1_4' title='bbox 1733 285 1794 348; x_wconf 83' lang='grc'>316</span> 
     </span>
    </p>
   </div>
   <div class='ocr_carea' id='block_1_2' title="bbox 113 417 1796 944">
    <p class='ocr_par' dir='ltr' id='par_1_2' title="bbox 113 417 1796 944">
     <span class='ocr_line' id='line_1_2' title="bbox 118 417 1792 500; baseline -0.007 -16"><span class='ocrx_word' id='word_1_5' title='bbox 118 435 208 500; x_wconf 84' lang='lat' dir='ltr'>turpes,</span> <span class='ocrx_word' id='word_1_6' title='bbox 222 439 292 496; x_wconf 89' lang='lat' dir='ltr'>quas</span> <span class='ocrx_word' id='word_1_7' title='bbox 308 421 403 496; x_wconf 86' lang='lat' dir='ltr'>stipsi</span> <span class='ocrx_word' id='word_1_8' title='bbox 418 423 559 478; x_wconf 86' lang='lat' dir='ltr'>damnare</span> <span class='ocrx_word' id='word_1_9' title='bbox 573 421 733 490; x_wconf 89' lang='lat' dir='ltr'>consuetis,</span> <span class='ocrx_word' id='word_1_10' title='bbox 758 424 787 478; x_wconf 90' lang='lat' dir='ltr'>et</span> <span class='ocrx_word' id='word_1_11' title='bbox 813 419 909 493; x_wconf 87' lang='lat' dir='ltr'>aqui·</span> <span class='ocrx_word' id='word_1_12' title='bbox 925 425 952 490; x_wconf 70' lang='grc' dir='ltr'><strong>Α</strong></span> <span class='ocrx_word' id='word_1_13' title='bbox 967 419 1006 476; x_wconf 85' lang='lat' dir='ltr'>lt.</span> <span class='ocrx_word' id='word_1_14' title='bbox 1022 418 1133 474; x_wconf 79' lang='lat' dir='ltr'><strong>Aurelii</strong></span> <span class='ocrx_word' id='word_1_15' title='bbox 1148 419 1186 492; x_wconf 89' lang='grc'>(3)</span> <span class='ocrx_word' id='word_1_16' title='bbox 1201 417 1367 492; x_wconf 90' lang='lat' dir='ltr'>gravissimi</span> <span class='ocrx_word' id='word_1_17' title='bbox 1383 417 1569 491; x_wconf 87' lang='lat' dir='ltr'>imperatoris</span> <span class='ocrx_word' id='word_1_18' title='bbox 1592 417 1792 490; x_wconf 90' lang='lat' dir='ltr'>requirantur,</span> 
     </span>
     <span class='ocr_line' id='line_1_3' title="bbox 116 506 1795 581; baseline -0.007 -9"><span class='ocrx_word' id='word_1_19' title='bbox 116 517 159 572; x_wconf 90' lang='lat' dir='ltr'>bas</span> <span class='ocrx_word' id='word_1_20' title='bbox 172 515 316 570; x_wconf 85' lang='lat' dir='ltr'>damnatos</span> <span class='ocrx_word' id='word_1_21' title='bbox 332 511 485 569; x_wconf 88' lang='lat' dir='ltr'>restituere</span> <span class='ocrx_word' id='word_1_22' title='bbox 500 510 578 568; x_wconf 91' lang='lat' dir='ltr'>saliti</span> <span class='ocrx_word' id='word_1_23' title='bbox 607 510 689 567; x_wconf 90' lang='lat' dir='ltr'>estis.</span> <span class='ocrx_word' id='word_1_24' title='bbox 714 510 855 567; x_wconf 80' lang='lat' dir='ltr'>Ceterum</span> <span class='ocrx_word' id='word_1_25' title='bbox 878 510 915 566; x_wconf 92' lang='lat' dir='ltr'>de</span> <span class='ocrx_word' id='word_1_26' title='bbox 969 509 1079 581; x_wconf 90' lang='lat' dir='ltr'>qulbus</span> <span class='ocrx_word' id='word_1_27' title='bbox 1095 506 1177 564; x_wconf 84' lang='lat' dir='ltr'>iilam</span> <span class='ocrx_word' id='word_1_28' title='bbox 1194 509 1217 545; x_wconf 81' lang='lat'>¹¹</span> <span class='ocrx_word' id='word_1_29' title='bbox 1231 507 1428 581; x_wconf 88' lang='lat' dir='ltr'>germanicam</span> <span class='ocrx_word' id='word_1_30' title='bbox 1445 507 1524 564; x_wconf 84' lang='lat' dir='ltr'>sitim</span> <span class='ocrx_word' id='word_1_31' title='bbox 1548 507 1586 579; x_wconf 91' lang='grc'>(1)</span> <span class='ocrx_word' id='word_1_32' title='bbox 1608 507 1795 566; x_wconf 88' lang='lat' dir='ltr'>Christiano·</span> 
     </span>
     <span class='ocr_line' id='line_1_4' title="bbox 116 595 1794 674; baseline -0.005 -14"><span class='ocrx_word' id='word_1_33' title='bbox 116 602 252 662; x_wconf 86' lang='lat' dir='ltr'>teteaimle</span> <span class='ocrx_word' id='word_1_34' title='bbox 282 601 465 674; x_wconf 88' lang='lat' dir='ltr'>principibus</span> <span class='ocrx_word' id='word_1_35' title='bbox 494 600 650 674; x_wconf 68' lang='lat' dir='ltr'>[aequest]</span> <span class='ocrx_word' id='word_1_36' title='bbox 675 600 710 656; x_wconf 89' lang='lat' dir='ltr'>ad</span> <span class='ocrx_word' id='word_1_37' title='bbox 737 598 914 655; x_wconf 90' lang='lat' dir='ltr'>hodiernum</span> <span class='ocrx_word' id='word_1_38' title='bbox 968 615 1035 654; x_wconf 89' lang='lat' dir='ltr'>rum</span> <span class='ocrx_word' id='word_1_39' title='bbox 1051 599 1123 653; x_wconf 90' lang='lat' dir='ltr'>lorte</span> <span class='ocrx_word' id='word_1_40' title='bbox 1139 597 1266 653; x_wconf 83' lang='lat' dir='ltr'>millium</span> <span class='ocrx_word' id='word_1_41' title='bbox 1279 596 1498 668; x_wconf 87' lang='lat' dir='ltr'>precationibus</span> <span class='ocrx_word' id='word_1_42' title='bbox 1523 597 1679 669; x_wconf 87' lang='lat' dir='ltr'>impetrato</span> <span class='ocrx_word' id='word_1_43' title='bbox 1705 595 1794 652; x_wconf 90' lang='lat' dir='ltr'>imbri</span> 
     </span>
     <span class='ocr_line' id='line_1_5' title="bbox 115 685 1793 763; baseline -0.005 -13"><span class='ocrx_word' id='word_1_44' title='bbox 115 693 225 750; x_wconf 76' lang='lat' dir='ltr'>ditinum</span> <span class='ocrx_word' id='word_1_45' title='bbox 240 691 463 763; x_wconf 88' lang='lat' dir='ltr'>humanumque</span> <span class='ocrx_word' id='word_1_46' title='bbox 490 689 673 762; x_wconf 74' lang='lat' dir='ltr'><strong>sapientibus</strong></span> <span class='ocrx_word' id='word_1_47' title='bbox 689 688 737 762; x_wconf 94' lang='grc'>(1),</span> <span class='ocrx_word' id='word_1_48' title='bbox 768 688 845 744; x_wconf 90' lang='lat' dir='ltr'>edite</span> <span class='ocrx_word' id='word_1_49' title='bbox 860 686 916 744; x_wconf 90' lang='lat' dir='ltr'>ali·</span> <span class='ocrx_word' id='word_1_50' title='bbox 970 687 1136 743; x_wconf 80' lang='lat' dir='ltr'>discussam</span> <span class='ocrx_word' id='word_1_51' title='bbox 1152 690 1343 743; x_wconf 86' lang='lat' dir='ltr'>contestatur.</span> <span class='ocrx_word' id='word_1_52' title='bbox 1355 686 1409 751; x_wconf 86' lang='lat' dir='ltr'>Qui</span> <span class='ocrx_word' id='word_1_53' title='bbox 1425 686 1501 743; x_wconf 85' lang='lat' dir='ltr'>siout</span> <span class='ocrx_word' id='word_1_54' title='bbox 1517 702 1575 742; x_wconf 89' lang='lat' dir='ltr'>non</span> <span class='ocrx_word' id='word_1_55' title='bbox 1591 685 1687 757; x_wconf 89' lang='lat' dir='ltr'>palam</span> <span class='ocrx_word' id='word_1_56' title='bbox 1701 685 1740 758; x_wconf 87' lang='grc'>(5)</span> <span class='ocrx_word' id='word_1_57' title='bbox 1757 685 1793 741; x_wconf 91' lang='lat' dir='ltr'>ah</span> 
     </span>
     <span class='ocr_line' id='line_1_6' title="bbox 115 773 1794 856; baseline -0.005 -17"><span class='ocrx_word' id='word_1_58' title='bbox 115 799 184 856; x_wconf 89' lang='lat' dir='ltr'>quem</span> <span class='ocrx_word' id='word_1_59' title='bbox 198 779 404 837; x_wconf 86' lang='lat' dir='ltr'>debellatorem</span> <span class='ocrx_word' id='word_1_60' title='bbox 431 779 470 852; x_wconf 84' lang='lat'>(2)</span> <span class='ocrx_word' id='word_1_61' title='bbox 499 776 744 836; x_wconf 88' lang='lat' dir='ltr'>Christianarum.</span> <span class='ocrx_word' id='word_1_62' title='bbox 774 777 849 835; x_wconf 68' lang='lat'>206</span> <span class='ocrx_word' id='word_1_63' title='bbox 880 778 917 833; x_wconf 82' lang='lat' dir='ltr'>At</span> <span class='ocrx_word' id='word_1_64' title='bbox 970 775 1114 846; x_wconf 88' lang='lat' dir='ltr'>ejusmodi</span> <span class='ocrx_word' id='word_1_65' title='bbox 1130 775 1300 832; x_wconf 91' lang='lat' dir='ltr'>hominibus</span> <span class='ocrx_word' id='word_1_66' title='bbox 1315 791 1431 848; x_wconf 84' lang='lat' dir='ltr'>poenarn</span> <span class='ocrx_word' id='word_1_67' title='bbox 1446 774 1623 845; x_wconf 88' lang='lat' dir='ltr'>dimovit,ite</span> <span class='ocrx_word' id='word_1_68' title='bbox 1638 773 1794 830; x_wconf 84' lang='lat' dir='ltr'>ullomodo</span> 
     </span>
     <span class='ocr_line' id='line_1_7' title="bbox 113 861 1796 944; baseline -0.007 -14"><span class='ocrx_word' id='word_1_69' title='bbox 113 889 157 930; x_wconf 89' lang='lat' dir='ltr'>aas</span> <span class='ocrx_word' id='word_1_70' title='bbox 177 887 191 927; x_wconf 91' lang='lat' dir='ltr'>a</span> <span class='ocrx_word' id='word_1_71' title='bbox 216 869 362 926; x_wconf 78' lang='lat' dir='ltr'>sacharia</span> <span class='ocrx_word' id='word_1_72' title='bbox 389 868 506 926; x_wconf 91' lang='lat' dir='ltr'>edimus</span> <span class='ocrx_word' id='word_1_73' title='bbox 534 871 739 944; x_wconf 89' lang='lat' dir='ltr'>protectorem,</span> <span class='ocrx_word' id='word_1_74' title='bbox 766 865 792 924; x_wconf 87' lang='lat' dir='ltr'>si</span> <span class='ocrx_word' id='word_1_75' title='bbox 810 865 916 922; x_wconf 76' lang='lat' dir='ltr'>litteris</span> <span class='ocrx_word' id='word_1_76' title='bbox 971 864 1048 922; x_wconf 73' lang='lat' dir='ltr'>m</span> <span class='ocrx_word' id='word_1_77' title='bbox 1064 863 1161 937; x_wconf 87' lang='lat' dir='ltr'>palem</span> <span class='ocrx_word' id='word_1_78' title='bbox 1176 863 1317 938; x_wconf 78' lang='lat' dir='ltr'>dispersit</span> <span class='ocrx_word' id='word_1_79' title='bbox 1329 864 1380 938; x_wconf 91' lang='grc'>(6),</span> <span class='ocrx_word' id='word_1_80' title='bbox 1395 863 1510 937; x_wconf 83' lang='lat' dir='ltr'>adjecta</span> <span class='ocrx_word' id='word_1_81' title='bbox 1524 861 1611 921; x_wconf 89' lang='lat' dir='ltr'>etiam</span> <span class='ocrx_word' id='word_1_82' title='bbox 1627 861 1664 936; x_wconf 85' lang='grc'>(7)</span> <span class='ocrx_word' id='word_1_83' title='bbox 1688 879 1796 919; x_wconf 89' lang='lat' dir='ltr'>accusa</span> 
     </span>
    </p>
   </div>
   <div class='ocr_carea' id='block_1_3' title="bbox 141 963 1086 1130">
    <p class='ocr_par' dir='ltr' id='par_1_3' title="bbox 141 963 1086 1130">
     <span class='ocr_line' id='line_1_8' title="bbox 801 963 1086 1028; baseline -0.011 0"><span class='ocrx_word' id='word_1_84' title='bbox 801 965 905 1028; x_wconf 81' lang='lat' dir='ltr'>Variae</span> <span class='ocrx_word' id='word_1_85' title='bbox 923 963 1086 1026; x_wconf 84' lang='lat' dir='ltr'>lectiones.</span> 
     </span>
     <span class='ocr_line' id='line_1_9' title="bbox 141 1053 818 1130; baseline -0.004 -16"><span class='ocrx_word' id='word_1_86' title='bbox 141 1057 159 1096; x_wconf 85' lang='lat'>¹¹</span> <span class='ocrx_word' id='word_1_87' title='bbox 172 1056 265 1130; x_wconf 88' lang='lat' dir='ltr'>Usque</span> <span class='ocrx_word' id='word_1_88' title='bbox 279 1055 355 1114; x_wconf 84' lang='lat' dir='ltr'>abest</span> <span class='ocrx_word' id='word_1_89' title='bbox 369 1056 463 1114; x_wconf 84' lang='lat' dir='ltr'>Paria.</span> <span class='ocrx_word' id='word_1_90' title='bbox 502 1055 525 1091; x_wconf 85' lang='lat'>¹¹</span> <span class='ocrx_word' id='word_1_91' title='bbox 538 1054 622 1112; x_wconf 91' lang='lat' dir='ltr'>illam</span> <span class='ocrx_word' id='word_1_92' title='bbox 636 1053 712 1112; x_wconf 80' lang='lat' dir='ltr'>abesa</span> <span class='ocrx_word' id='word_1_93' title='bbox 726 1055 818 1112; x_wconf 75' lang='lat' dir='ltr'>Paria</span> 
     </span>
    </p>
   </div>
   <div class='ocr_carea' id='block_1_4' title="bbox 811 1141 1075 1206">
    <p class='ocr_par' dir='ltr' id='par_1_4' title="bbox 811 1141 1075 1206">
     <span class='ocr_line' id='line_1_10' title="bbox 811 1141 1075 1206; baseline -0.008 0"><span class='ocrx_word' id='word_1_94' title='bbox 811 1141 1075 1206; x_wconf 85' lang='lat' dir='ltr'>Commentarius.</span> 
     </span>
    </p>
   </div>
   <div class='ocr_carea' id='block_1_5' title="bbox 111 1237 1796 1454">
    <p class='ocr_par' dir='ltr' id='par_1_5' title="bbox 111 1237 1796 1454">
     <span class='ocr_line' id='line_1_11' title="bbox 112 1237 1796 1316; baseline -0.004 -15"><span class='ocrx_word' id='word_1_95' title='bbox 112 1245 144 1302; x_wconf 81' lang='lat' dir='ltr'>td</span> <span class='ocrx_word' id='word_1_96' title='bbox 157 1259 214 1316; x_wconf 86' lang='lat' dir='ltr'>que</span> <span class='ocrx_word' id='word_1_97' title='bbox 226 1241 322 1300; x_wconf 88' lang='lat' dir='ltr'>leticia</span> <span class='ocrx_word' id='word_1_98' title='bbox 336 1247 470 1316; x_wconf 89' lang='lat' dir='ltr'>tempora</span> <span class='ocrx_word' id='word_1_99' title='bbox 483 1242 596 1314; x_wconf 88' lang='lat' dir='ltr'>aspirat</span> <span class='ocrx_word' id='word_1_100' title='bbox 608 1245 708 1300; x_wconf 91' lang='lat' dir='ltr'>mente</span> <span class='ocrx_word' id='word_1_101' title='bbox 722 1241 799 1299; x_wconf 87' lang='lat' dir='ltr'>idam</span> <span class='ocrx_word' id='word_1_102' title='bbox 821 1247 916 1313; x_wconf 87' lang='lat' dir='ltr'>poeta,</span> <span class='ocrx_word' id='word_1_103' title='bbox 971 1242 1001 1296; x_wconf 91' lang='lat' dir='ltr'>et</span> <span class='ocrx_word' id='word_1_104' title='bbox 1014 1237 1134 1307; x_wconf 78' lang='lat' dir='ltr'>223‚uui</span> <span class='ocrx_word' id='word_1_105' title='bbox 1145 1242 1174 1295; x_wconf 92' lang='lat' dir='ltr'>et</span> <span class='ocrx_word' id='word_1_106' title='bbox 1186 1239 1266 1296; x_wconf 88' lang='lat' dir='ltr'>huuc</span> <span class='ocrx_word' id='word_1_107' title='bbox 1281 1238 1374 1297; x_wconf 91' lang='lat' dir='ltr'>Orosii</span> <span class='ocrx_word' id='word_1_108' title='bbox 1389 1239 1486 1297; x_wconf 89' lang='lat' dir='ltr'>locum</span> <span class='ocrx_word' id='word_1_109' title='bbox 1502 1239 1622 1296; x_wconf 75' lang='lat' dir='ltr'>adducit</span> <span class='ocrx_word' id='word_1_110' title='bbox 1637 1257 1644 1309; x_wconf 89' lang='lat'>;</span> <span class='ocrx_word' id='word_1_111' title='bbox 1661 1259 1674 1290; x_wconf 81' lang='lat' dir='ltr'>a</span> <span class='ocrx_word' id='word_1_112' title='bbox 1691 1237 1796 1295; x_wconf 77' lang='lat' dir='ltr'>lineta-</span> 
     </span>
     <span class='ocr_line' id='line_1_12' title="bbox 111 1311 1796 1395; baseline -0.004 -22"><span class='ocrx_word' id='word_1_113' title='bbox 111 1319 169 1373; x_wconf 90' lang='lat' dir='ltr'>dam</span> <span class='ocrx_word' id='word_1_114' title='bbox 183 1317 209 1372; x_wconf 93' lang='lat' dir='ltr'>in</span> <span class='ocrx_word' id='word_1_115' title='bbox 224 1332 295 1371; x_wconf 90' lang='lat' dir='ltr'>casu</span> <span class='ocrx_word' id='word_1_116' title='bbox 311 1313 453 1372; x_wconf 82' lang='lat' dir='ltr'>columbe</span> <span class='ocrx_word' id='word_1_117' title='bbox 468 1331 533 1387; x_wconf 81' lang='lat' dir='ltr'>que</span> <span class='ocrx_word' id='word_1_118' title='bbox 548 1313 669 1386; x_wconf 87' lang='lat' dir='ltr'>delapsa</span> <span class='ocrx_word' id='word_1_119' title='bbox 684 1317 747 1370; x_wconf 90' lang='lat' dir='ltr'>erat</span> <span class='ocrx_word' id='word_1_120' title='bbox 771 1313 802 1370; x_wconf 90' lang='lat' dir='ltr'>in</span> <span class='ocrx_word' id='word_1_121' title='bbox 817 1313 916 1370; x_wconf 91' lang='lat' dir='ltr'>sinum</span> <span class='ocrx_word' id='word_1_122' title='bbox 973 1327 1003 1368; x_wconf 90' lang='lat' dir='ltr'>re</span> <span class='ocrx_word' id='word_1_123' title='bbox 1018 1312 1105 1395; x_wconf 77' lang='lat' dir='ltr'>etism</span> <span class='ocrx_word' id='word_1_124' title='bbox 1121 1327 1202 1395; x_wconf 78' lang='lat' dir='ltr'>nunc</span> <span class='ocrx_word' id='word_1_125' title='bbox 1215 1313 1292 1384; x_wconf 91' lang='lat' dir='ltr'>apud</span> <span class='ocrx_word' id='word_1_126' title='bbox 1310 1311 1463 1395; x_wconf 86' lang='lat' dir='ltr'>plerosque</span> <span class='ocrx_word' id='word_1_127' title='bbox 1482 1311 1597 1394; x_wconf 81' lang='lat' dir='ltr'>littere¹</span> <span class='ocrx_word' id='word_1_128' title='bbox 1608 1311 1796 1394; x_wconf 82' lang='lat' dir='ltr'>imperatoris</span> 
     </span>
     <span class='ocr_line' id='line_1_13' title="bbox 111 1383 1795 1454; baseline -0.007 -8"><span class='ocrx_word' id='word_1_129' title='bbox 111 1387 224 1446; x_wconf 86' lang='lat' dir='ltr'>tretalle</span> <span class='ocrx_word' id='word_1_130' title='bbox 236 1387 315 1444; x_wconf 90' lang='lat' dir='ltr'>inter</span> <span class='ocrx_word' id='word_1_131' title='bbox 329 1386 457 1444; x_wconf 81' lang='lat' dir='ltr'>sliahec</span> <span class='ocrx_word' id='word_1_132' title='bbox 469 1386 546 1443; x_wconf 89' lang='lat' dir='ltr'>ludit</span> <span class='ocrx_word' id='word_1_133' title='bbox 562 1385 614 1442; x_wconf 92' lang='lat' dir='ltr'>lib.</span> <span class='ocrx_word' id='word_1_134' title='bbox 629 1402 692 1453; x_wconf 83' lang='lat' dir='ltr'>vua,</span> <span class='ocrx_word' id='word_1_135' title='bbox 708 1385 753 1442; x_wconf 87' lang='lat'>32.</span> <span class='ocrx_word' id='word_1_136' title='bbox 974 1383 1114 1440; x_wconf 80' lang='lat' dir='ltr'>antonini</span> <span class='ocrx_word' id='word_1_137' title='bbox 1129 1384 1178 1440; x_wconf 82' lang='lat' dir='ltr'>ubi</span> <span class='ocrx_word' id='word_1_138' title='bbox 1195 1387 1375 1440; x_wconf 80' lang='lat' dir='ltr'>invocatione</span> <span class='ocrx_word' id='word_1_139' title='bbox 1389 1384 1519 1441; x_wconf 89' lang='lat' dir='ltr'>nominis</span> <span class='ocrx_word' id='word_1_140' title='bbox 1533 1383 1651 1450; x_wconf 82' lang='lat' dir='ltr'>Christi,</span> <span class='ocrx_word' id='word_1_141' title='bbox 1668 1398 1719 1454; x_wconf 90' lang='lat' dir='ltr'>per</span> <span class='ocrx_word' id='word_1_142' title='bbox 1739 1397 1795 1437; x_wconf 86' lang='lat' dir='ltr'>mr-</span> 
     </span>
    </p>
   </div>
   <div class='ocr_carea' id='block_1_6' title="bbox 159 1451 1797 1585">
    <p class='ocr_par' dir='ltr' id='par_1_6' title="bbox 159 1451 1797 1585">
     <span class='ocr_line' id='line_1_14' title="bbox 254 1451 1797 1527; baseline -0.009 -5"><span class='ocrx_word' id='word_1_143' title='bbox 254 1513 259 1522; x_wconf 93' lang='lat'>.</span> <span class='ocrx_word' id='word_1_144' title='bbox 343 1511 349 1522; x_wconf 95' lang='lat'>.</span> <span class='ocrx_word' id='word_1_145' title='bbox 703 1509 709 1520; x_wconf 87' lang='grc'>,</span> <span class='ocrx_word' id='word_1_146' title='bbox 975 1454 1039 1511; x_wconf 91' lang='lat' dir='ltr'>lites</span> <span class='ocrx_word' id='word_1_147' title='bbox 1055 1454 1236 1511; x_wconf 76' lang='lat' dir='ltr'>Christianos</span> <span class='ocrx_word' id='word_1_148' title='bbox 1251 1461 1279 1512; x_wconf 89' lang='lat' dir='ltr'>et</span> <span class='ocrx_word' id='word_1_149' title='bbox 1293 1457 1370 1511; x_wconf 88' lang='lat' dir='ltr'>sitim</span> <span class='ocrx_word' id='word_1_150' title='bbox 1382 1455 1462 1511; x_wconf 85' lang='lat' dir='ltr'>illarn</span> <span class='ocrx_word' id='word_1_151' title='bbox 1479 1453 1644 1527; x_wconf 88' lang='lat' dir='ltr'>depulsam,</span> <span class='ocrx_word' id='word_1_152' title='bbox 1664 1460 1694 1510; x_wconf 91' lang='lat' dir='ltr'>et</span> <span class='ocrx_word' id='word_1_153' title='bbox 1707 1451 1797 1512; x_wconf 88' lang='lat' dir='ltr'>colla·</span> 
     </span>
     <span class='ocr_line' id='line_1_15' title="bbox 159 1511 1556 1585; baseline -0.005 5"><span class='ocrx_word' id='word_1_154' title='bbox 159 1511 310 1562; x_wconf 64' lang='lat' dir='ltr'><strong>s¹m⁶¹¹⁰s⁸</strong></span> <span class='ocrx_word' id='word_1_155' title='bbox 324 1525 375 1574; x_wconf 60' lang='lat' dir='ltr'>1³¹ae</span> <span class='ocrx_word' id='word_1_156' title='bbox 389 1511 430 1562; x_wconf 66' lang='lat'>¹⁸⁸</span> <span class='ocrx_word' id='word_1_157' title='bbox 444 1513 486 1561; x_wconf 67' lang='lat'>⁰⁸¹</span> <span class='ocrx_word' id='word_1_158' title='bbox 502 1524 610 1574; x_wconf 61' lang='lat' dir='ltr'>‘pm</span> <span class='ocrx_word' id='word_1_159' title='bbox 625 1523 720 1569; x_wconf 69' lang='lat' dir='ltr'>⁸⁰¹⁰”r</span> <span class='ocrx_word' id='word_1_160' title='bbox 973 1531 1034 1582; x_wconf 88' lang='lat' dir='ltr'>tam</span> <span class='ocrx_word' id='word_1_161' title='bbox 1050 1527 1158 1582; x_wconf 81' lang='lat' dir='ltr'>letetur</span> <span class='ocrx_word' id='word_1_162' title='bbox 1174 1527 1264 1583; x_wconf 89' lang='lat' dir='ltr'>luisse</span> <span class='ocrx_word' id='word_1_163' title='bbox 1278 1528 1440 1583; x_wconf 87' lang='lat' dir='ltr'>victoriam.</span> <span class='ocrx_word' id='word_1_164' title='bbox 1458 1549 1472 1576; x_wconf 76' lang='grc' dir='ltr'>ι</span> <span class='ocrx_word' id='word_1_165' title='bbox 1488 1529 1556 1585; x_wconf 84' lang='grc' dir='ltr'>Ηιι.</span> 
     </span>
    </p>
   </div>
   <div class='ocr_carea' id='block_1_7' title="bbox 102 1573 1803 3186">
    <p class='ocr_par' dir='ltr' id='par_1_7' title="bbox 162 1573 1797 1796">
     <span class='ocr_line' id='line_1_16' title="bbox 162 1573 1797 1687; baseline 0 -35"><span class='ocrx_word' id='word_1_166' title='bbox 162 1574 218 1687; x_wconf 56' lang='grc' dir='ltr'>Ηέἐ</span> <span class='ocrx_word' id='word_1_167' title='bbox 231 1573 789 1687; x_wconf 45' lang='grc' dir='ltr'>ἓέῗὲἓξίῗ,Ὲῗῖξζθῗξξιξθὲξῶιῗζὲξιω</span> <span class='ocrx_word' id='word_1_168' title='bbox 1010 1599 1047 1669; x_wconf 85' lang='grc'>(1)</span> <span class='ocrx_word' id='word_1_169' title='bbox 1064 1597 1354 1655; x_wconf 81' lang='lat' dir='ltr'>Germanicamsitim.</span> <span class='ocrx_word' id='word_1_170' title='bbox 1384 1599 1538 1681; x_wconf 73' lang='lat' dir='ltr'>Inimieum</span> <span class='ocrx_word' id='word_1_171' title='bbox 1567 1596 1705 1680; x_wconf 25' lang='lat' dir='ltr'>exlcrcitui</span> <span class='ocrx_word' id='word_1_172' title='bbox 1734 1611 1797 1652; x_wconf 89' lang='lat' dir='ltr'>ma·</span> 
     </span>
     <span class='ocr_line' id='line_1_17' title="bbox 188 1668 1797 1796; baseline -0.001 -72"><span class='ocrx_word' id='word_1_173' title='bbox 188 1701 279 1750; x_wconf 57' lang='lat' dir='ltr'>mm</span> <span class='ocrx_word' id='word_1_174' title='bbox 296 1713 439 1750; x_wconf 61' lang='lat' dir='ltr'>mmm</span> <span class='ocrx_word' id='word_1_175' title='bbox 464 1699 561 1750; x_wconf 63' lang='lat' dir='ltr'>numi,</span> <span class='ocrx_word' id='word_1_176' title='bbox 573 1700 649 1749; x_wconf 59' lang='lat' dir='ltr'>„up</span> <span class='ocrx_word' id='word_1_177' title='bbox 664 1673 810 1748; x_wconf 44' lang='lat' dir='ltr'>„lgm</span> <span class='ocrx_word' id='word_1_178' title='bbox 973 1668 1047 1736; x_wconf 86' lang='lat' dir='ltr'>lum,</span> <span class='ocrx_word' id='word_1_179' title='bbox 1064 1671 1140 1796; x_wconf 65' lang='lat' dir='ltr'>quod</span> <span class='ocrx_word' id='word_1_180' title='bbox 1156 1675 1253 1726; x_wconf 88' lang='lat' dir='ltr'>tamen</span> <span class='ocrx_word' id='word_1_181' title='bbox 1269 1687 1345 1742; x_wconf 79' lang='lat' dir='ltr'>sepe</span> <span class='ocrx_word' id='word_1_182' title='bbox 1357 1676 1511 1742; x_wconf 79' lang='lat' dir='ltr'>contingit,</span> <span class='ocrx_word' id='word_1_183' title='bbox 1527 1671 1645 1752; x_wconf 75' lang='lat' dir='ltr'>Curtius</span> <span class='ocrx_word' id='word_1_184' title='bbox 1665 1684 1722 1752; x_wconf 79' lang='lat' dir='ltr'>nen</span> <span class='ocrx_word' id='word_1_185' title='bbox 1739 1683 1797 1722; x_wconf 90' lang='lat' dir='ltr'>uno</span> 
     </span>
    </p>

    <p class='ocr_par' dir='ltr' id='par_1_8' title="bbox 441 1738 1798 1812">
     <span class='ocr_line' id='line_1_18' title="bbox 441 1738 1798 1812; baseline -0.001 -17"><span class='ocrx_word' id='word_1_186' title='bbox 441 1738 449 1762; x_wconf 80' lang='lat'><strong>¹</strong></span> <span class='ocrx_word' id='word_1_187' title='bbox 975 1740 1048 1808; x_wconf 89' lang='lat' dir='ltr'>loco,</span> <span class='ocrx_word' id='word_1_188' title='bbox 1088 1740 1372 1812; x_wconf 84' lang='lat' dir='ltr'>ucanuslib.1x,de</span> <span class='ocrx_word' id='word_1_189' title='bbox 1401 1743 1527 1798; x_wconf 76' lang='lat' dir='ltr'>exercitu</span> <span class='ocrx_word' id='word_1_190' title='bbox 1547 1745 1663 1797; x_wconf 78' lang='lat' dir='ltr'>Catonis</span> <span class='ocrx_word' id='word_1_191' title='bbox 1686 1756 1716 1794; x_wconf 87' lang='grc' dir='ltr'>ιιι</span> <span class='ocrx_word' id='word_1_192' title='bbox 1745 1741 1798 1796; x_wconf 91' lang='lat' dir='ltr'>de·</span> 
     </span>
    </p>

    <p class='ocr_par' dir='ltr' id='par_1_9' title="bbox 102 1781 1803 3186">
     <span class='ocr_line' id='line_1_19' title="bbox 139 1781 1797 1894; baseline -0.002 -26"><span class='ocrx_word' id='word_1_193' title='bbox 139 1816 171 1886; x_wconf 89' lang='grc'>(1)</span> <span class='ocrx_word' id='word_1_194' title='bbox 196 1815 330 1871; x_wconf 80' lang='lat' dir='ltr'>Divinum</span> <span class='ocrx_word' id='word_1_195' title='bbox 363 1814 570 1886; x_wconf 79' lang='lat' dir='ltr'>humanamque</span> <span class='ocrx_word' id='word_1_196' title='bbox 595 1813 774 1886; x_wconf 71' lang='lat' dir='ltr'>sapientibus.</span> <span class='ocrx_word' id='word_1_197' title='bbox 803 1812 923 1894; x_wconf 82' lang='lat' dir='ltr'>Summa</span> <span class='ocrx_word' id='word_1_198' title='bbox 937 1781 961 1848; x_wconf 77' lang='lat' dir='ltr'>B</span> <span class='ocrx_word' id='word_1_199' title='bbox 977 1813 1064 1869; x_wconf 89' lang='lat' dir='ltr'>sertis</span> <span class='ocrx_word' id='word_1_200' title='bbox 1080 1813 1184 1886; x_wconf 81' lang='lat' dir='ltr'>Libye,</span> <span class='ocrx_word' id='word_1_201' title='bbox 1201 1814 1280 1885; x_wconf 90' lang='lat' dir='ltr'>apud</span> <span class='ocrx_word' id='word_1_202' title='bbox 1295 1829 1382 1885; x_wconf 90' lang='lat' dir='ltr'>quem</span> <span class='ocrx_word' id='word_1_203' title='bbox 1398 1815 1535 1870; x_wconf 76' lang='lat' dir='ltr'>Afranius</span> <span class='ocrx_word' id='word_1_204' title='bbox 1550 1820 1578 1868; x_wconf 88' lang='lat' dir='ltr'>et</span> <span class='ocrx_word' id='word_1_205' title='bbox 1606 1811 1737 1868; x_wconf 74' lang='lat' dir='ltr'>Petreius</span> <span class='ocrx_word' id='word_1_206' title='bbox 1765 1811 1797 1866; x_wconf 91' lang='lat' dir='ltr'>in</span> 
     </span>
     <span class='ocr_line' id='line_1_20' title="bbox 107 1881 1799 1959; baseline -0.002 -18"><span class='ocrx_word' id='word_1_207' title='bbox 107 1885 172 1953; x_wconf 89' lang='lat' dir='ltr'>laus,</span> <span class='ocrx_word' id='word_1_208' title='bbox 187 1903 278 1959; x_wconf 86' lang='lat' dir='ltr'>quem</span> <span class='ocrx_word' id='word_1_209' title='bbox 292 1885 419 1958; x_wconf 77' lang='lat' dir='ltr'>iosapho</span> <span class='ocrx_word' id='word_1_210' title='bbox 434 1901 552 1958; x_wconf 87' lang='lat' dir='ltr'>quoque</span> <span class='ocrx_word' id='word_1_211' title='bbox 567 1884 668 1943; x_wconf 77' lang='lat' dir='ltr'>iacobi</span> <span class='ocrx_word' id='word_1_212' title='bbox 678 1885 850 1956; x_wconf 79' lang='lat' dir='ltr'>patriarchia</span> <span class='ocrx_word' id='word_1_213' title='bbox 862 1883 922 1941; x_wconf 88' lang='lat' dir='ltr'>fllro</span> <span class='ocrx_word' id='word_1_214' title='bbox 976 1884 1119 1956; x_wconf 87' lang='lat' dir='ltr'>Hispania</span> <span class='ocrx_word' id='word_1_215' title='bbox 1133 1884 1259 1940; x_wconf 87' lang='lat' dir='ltr'>ebidem</span> <span class='ocrx_word' id='word_1_216' title='bbox 1276 1885 1471 1942; x_wconf 82' lang='lat' dir='ltr'>intortunium</span> <span class='ocrx_word' id='word_1_217' title='bbox 1487 1889 1584 1942; x_wconf 89' lang='lat' dir='ltr'>castre</span> <span class='ocrx_word' id='word_1_218' title='bbox 1609 1883 1724 1940; x_wconf 87' lang='lat' dir='ltr'>tradere</span> <span class='ocrx_word' id='word_1_219' title='bbox 1737 1881 1799 1938; x_wconf 92' lang='lat' dir='ltr'>vic·</span> 
     </span>
     <span class='ocr_line' id='line_1_21' title="bbox 108 1953 1798 2031; baseline -0.003 -18"><span class='ocrx_word' id='word_1_220' title='bbox 108 1975 186 2014; x_wconf 88' lang='lat' dir='ltr'>ausus</span> <span class='ocrx_word' id='word_1_221' title='bbox 199 1966 245 2014; x_wconf 87' lang='lat' dir='ltr'>est</span> <span class='ocrx_word' id='word_1_222' title='bbox 263 1957 393 2013; x_wconf 86' lang='lat' dir='ltr'>tribuere</span> <span class='ocrx_word' id='word_1_223' title='bbox 403 1957 516 2031; x_wconf 83' lang='lat' dir='ltr'>Trogus</span> <span class='ocrx_word' id='word_1_224' title='bbox 531 1957 701 2031; x_wconf 85' lang='lat' dir='ltr'>Pompeius,</span> <span class='ocrx_word' id='word_1_225' title='bbox 718 1955 923 2012; x_wconf 89' lang='lat' dir='ltr'>nobilissimus</span> <span class='ocrx_word' id='word_1_226' title='bbox 976 1956 1031 2010; x_wconf 89' lang='lat' dir='ltr'>tori</span> <span class='ocrx_word' id='word_1_227' title='bbox 1047 1956 1152 2012; x_wconf 84' lang='lat' dir='ltr'>Caesari</span> <span class='ocrx_word' id='word_1_228' title='bbox 1169 1957 1259 2012; x_wconf 89' lang='lat' dir='ltr'>coacti</span> <span class='ocrx_word' id='word_1_229' title='bbox 1275 1961 1353 2026; x_wconf 86' lang='lat' dir='ltr'>sunt,</span> <span class='ocrx_word' id='word_1_230' title='bbox 1371 1956 1502 2014; x_wconf 87' lang='lat' dir='ltr'>allatius</span> <span class='ocrx_word' id='word_1_231' title='bbox 1517 1961 1602 2030; x_wconf 86' lang='lat' dir='ltr'>poeta</span> <span class='ocrx_word' id='word_1_232' title='bbox 1627 1953 1798 2028; x_wconf 78' lang='lat' dir='ltr'>exsequitur</span> 
     </span>
     <span class='ocr_line' id='line_1_22' title="bbox 109 2025 1798 2102; baseline -0.002 -18"><span class='ocrx_word' id='word_1_233' title='bbox 109 2031 230 2102; x_wconf 88' lang='lat' dir='ltr'>scriptor,</span> <span class='ocrx_word' id='word_1_234' title='bbox 247 2029 274 2084; x_wconf 91' lang='lat' dir='ltr'>si</span> <span class='ocrx_word' id='word_1_235' title='bbox 293 2029 360 2100; x_wconf 88' lang='lat' dir='ltr'>ejus</span> <span class='ocrx_word' id='word_1_236' title='bbox 374 2034 446 2085; x_wconf 89' lang='lat' dir='ltr'>sunt</span> <span class='ocrx_word' id='word_1_237' title='bbox 459 2028 559 2098; x_wconf 90' lang='lat' dir='ltr'>verba,</span> <span class='ocrx_word' id='word_1_238' title='bbox 585 2045 649 2102; x_wconf 83' lang='lat' dir='ltr'>ques</span> <span class='ocrx_word' id='word_1_239' title='bbox 674 2028 815 2101; x_wconf 89' lang='lat' dir='ltr'>leguntur</span> <span class='ocrx_word' id='word_1_240' title='bbox 843 2029 921 2101; x_wconf 90' lang='lat' dir='ltr'>apud</span> <span class='ocrx_word' id='word_1_241' title='bbox 976 2025 1028 2083; x_wconf 92' lang='lat' dir='ltr'>lib.</span> <span class='ocrx_word' id='word_1_242' title='bbox 1044 2044 1081 2082; x_wconf 87' lang='lat' dir='ltr'>rv.</span> <span class='ocrx_word' id='word_1_243' title='bbox 1098 2027 1276 2084; x_wconf 77' lang='lat' dir='ltr'>Germanice</span> <span class='ocrx_word' id='word_1_244' title='bbox 1291 2029 1381 2100; x_wconf 74' lang='lat' dir='ltr'>huius</span> <span class='ocrx_word' id='word_1_245' title='bbox 1393 2029 1470 2095; x_wconf 84' lang='lat' dir='ltr'>sitis,</span> <span class='ocrx_word' id='word_1_246' title='bbox 1485 2045 1553 2086; x_wconf 92' lang='lat' dir='ltr'>cum</span> <span class='ocrx_word' id='word_1_247' title='bbox 1567 2032 1681 2084; x_wconf 84' lang='lat' dir='ltr'>llarcus</span> <span class='ocrx_word' id='word_1_248' title='bbox 1696 2027 1798 2083; x_wconf 89' lang='lat' dir='ltr'>advar-</span> 
     </span>
     <span class='ocr_line' id='line_1_23' title="bbox 107 2099 1798 2173; baseline -0.002 -17"><span class='ocrx_word' id='word_1_249' title='bbox 107 2101 257 2169; x_wconf 85' lang='lat' dir='ltr'>lustinum,</span> <span class='ocrx_word' id='word_1_250' title='bbox 273 2103 403 2167; x_wconf 77' lang='lat' dir='ltr'>xxxv1‚2</span> <span class='ocrx_word' id='word_1_251' title='bbox 419 2116 426 2157; x_wconf 75' lang='grc' dir='ltr'>ε</span> <span class='ocrx_word' id='word_1_252' title='bbox 442 2121 456 2151; x_wconf 79' lang='lat' dir='ltr'>a</span> <span class='ocrx_word' id='word_1_253' title='bbox 473 2101 546 2157; x_wconf 91' lang='lat' dir='ltr'>Nam</span> <span class='ocrx_word' id='word_1_254' title='bbox 562 2107 592 2156; x_wconf 89' lang='lat' dir='ltr'>et</span> <span class='ocrx_word' id='word_1_255' title='bbox 607 2101 808 2172; x_wconf 83' lang='lat' dir='ltr'>prodigiorum</span> <span class='ocrx_word' id='word_1_256' title='bbox 836 2115 919 2172; x_wconf 86' lang='lat' dir='ltr'>saga·</span> <span class='ocrx_word' id='word_1_257' title='bbox 977 2115 1028 2154; x_wconf 92' lang='lat' dir='ltr'>sus</span> <span class='ocrx_word' id='word_1_258' title='bbox 1045 2099 1265 2156; x_wconf 84' lang='lat' dir='ltr'>Marcomannos</span> <span class='ocrx_word' id='word_1_259' title='bbox 1280 2101 1378 2173; x_wconf 89' lang='lat' dir='ltr'>copias</span> <span class='ocrx_word' id='word_1_260' title='bbox 1393 2101 1523 2168; x_wconf 86' lang='lat' dir='ltr'>duceret,</span> <span class='ocrx_word' id='word_1_261' title='bbox 1539 2099 1674 2158; x_wconf 87' lang='lat' dir='ltr'>meminit</span> <span class='ocrx_word' id='word_1_262' title='bbox 1696 2113 1798 2154; x_wconf 91' lang='lat' dir='ltr'>rursus</span> 
     </span>
     <span class='ocr_line' id='line_1_24' title="bbox 107 2169 1799 2244; baseline -0.002 -16"><span class='ocrx_word' id='word_1_263' title='bbox 107 2174 229 2228; x_wconf 84' lang='lat' dir='ltr'>sissimus</span> <span class='ocrx_word' id='word_1_264' title='bbox 244 2175 320 2242; x_wconf 86' lang='lat' dir='ltr'>erat,</span> <span class='ocrx_word' id='word_1_265' title='bbox 336 2176 366 2227; x_wconf 89' lang='lat' dir='ltr'>et</span> <span class='ocrx_word' id='word_1_266' title='bbox 376 2172 559 2228; x_wconf 91' lang='lat' dir='ltr'>somniorum</span> <span class='ocrx_word' id='word_1_267' title='bbox 571 2173 684 2243; x_wconf 88' lang='lat' dir='ltr'>primus</span> <span class='ocrx_word' id='word_1_268' title='bbox 695 2170 921 2243; x_wconf 89' lang='lat' dir='ltr'>intelligentiam</span> <span class='ocrx_word' id='word_1_269' title='bbox 975 2172 1085 2227; x_wconf 83' lang='lat' dir='ltr'>Auctor</span> <span class='ocrx_word' id='word_1_270' title='bbox 1099 2169 1128 2226; x_wconf 92' lang='lat' dir='ltr'>in</span> <span class='ocrx_word' id='word_1_271' title='bbox 1143 2169 1192 2228; x_wconf 89' lang='lat' dir='ltr'>lib.</span> <span class='ocrx_word' id='word_1_272' title='bbox 1210 2172 1248 2229; x_wconf 87' lang='lat' dir='ltr'>ad</span> <span class='ocrx_word' id='word_1_273' title='bbox 1257 2171 1413 2244; x_wconf 83' lang='lat' dir='ltr'>Scapulam.</span> <span class='ocrx_word' id='word_1_274' title='bbox 1433 2189 1458 2230; x_wconf 94' lang='lat' dir='ltr'>c.</span> <span class='ocrx_word' id='word_1_275' title='bbox 1474 2173 1490 2228; x_wconf 85' lang='grc'><strong>1</strong></span> <span class='ocrx_word' id='word_1_276' title='bbox 1507 2190 1514 2230; x_wconf 88' lang='lat'>:</span> <span class='ocrx_word' id='word_1_277' title='bbox 1529 2195 1543 2224; x_wconf 77' lang='lat' dir='ltr'>a</span> <span class='ocrx_word' id='word_1_278' title='bbox 1556 2173 1670 2229; x_wconf 87' lang='lat' dir='ltr'>llercus</span> <span class='ocrx_word' id='word_1_279' title='bbox 1681 2185 1799 2243; x_wconf 91' lang='lat' dir='ltr'>quoque</span> 
     </span>
     <span class='ocr_line' id='line_1_25' title="bbox 106 2241 1798 2316; baseline -0.002 -16"><span class='ocrx_word' id='word_1_280' title='bbox 106 2243 235 2312; x_wconf 87' lang='lat' dir='ltr'>condidit,</span> <span class='ocrx_word' id='word_1_281' title='bbox 252 2242 387 2315; x_wconf 89' lang='lat' dir='ltr'>nihilque</span> <span class='ocrx_word' id='word_1_282' title='bbox 402 2243 492 2300; x_wconf 91' lang='lat' dir='ltr'>divini</span> <span class='ocrx_word' id='word_1_283' title='bbox 502 2245 581 2315; x_wconf 86' lang='lat' dir='ltr'>juris</span> <span class='ocrx_word' id='word_1_284' title='bbox 596 2243 779 2315; x_wconf 82' lang='lat' dir='ltr'>humerique</span> <span class='ocrx_word' id='word_1_285' title='bbox 800 2241 825 2299; x_wconf 92' lang='lat' dir='ltr'>ei</span> <span class='ocrx_word' id='word_1_286' title='bbox 841 2242 922 2300; x_wconf 90' lang='lat' dir='ltr'>iuco-</span> <span class='ocrx_word' id='word_1_287' title='bbox 975 2241 1111 2298; x_wconf 85' lang='lat' dir='ltr'>Aurelius</span> <span class='ocrx_word' id='word_1_288' title='bbox 1128 2241 1157 2298; x_wconf 90' lang='lat' dir='ltr'>iu</span> <span class='ocrx_word' id='word_1_289' title='bbox 1172 2245 1344 2300; x_wconf 86' lang='lat' dir='ltr'>Germanica</span> <span class='ocrx_word' id='word_1_290' title='bbox 1358 2245 1541 2316; x_wconf 82' lang='lat' dir='ltr'>expeditione</span> <span class='ocrx_word' id='word_1_291' title='bbox 1564 2242 1798 2300; x_wconf 86' lang='lat' dir='ltr'>Christianorum</span> 
     </span>
     <span class='ocr_line' id='line_1_26' title="bbox 108 2311 1800 2388; baseline -0.002 -18"><span class='ocrx_word' id='word_1_292' title='bbox 108 2315 209 2388; x_wconf 89' lang='lat' dir='ltr'>gnitum</span> <span class='ocrx_word' id='word_1_293' title='bbox 223 2316 393 2371; x_wconf 90' lang='lat' dir='ltr'>videbatur.</span> <span class='ocrx_word' id='word_1_294' title='bbox 412 2337 423 2366; x_wconf 80' lang='grc' dir='ltr'>ι</span> <span class='ocrx_word' id='word_1_295' title='bbox 441 2319 511 2370; x_wconf 84' lang='grc' dir='ltr'>Ηιν.</span> <span class='ocrx_word' id='word_1_296' title='bbox 978 2313 1105 2370; x_wconf 90' lang='lat' dir='ltr'>militum</span> <span class='ocrx_word' id='word_1_297' title='bbox 1119 2313 1300 2370; x_wconf 88' lang='lat' dir='ltr'>orationibus</span> <span class='ocrx_word' id='word_1_298' title='bbox 1316 2316 1351 2371; x_wconf 86' lang='lat' dir='ltr'>ad</span> <span class='ocrx_word' id='word_1_299' title='bbox 1367 2315 1459 2373; x_wconf 89' lang='lat' dir='ltr'>Deum</span> <span class='ocrx_word' id='word_1_300' title='bbox 1475 2315 1571 2386; x_wconf 78' lang='lat' dir='ltr'>iactis,</span> <span class='ocrx_word' id='word_1_301' title='bbox 1581 2314 1693 2371; x_wconf 86' lang='lat' dir='ltr'>imbres</span> <span class='ocrx_word' id='word_1_302' title='bbox 1707 2314 1738 2368; x_wconf 90' lang='lat' dir='ltr'>in</span> <span class='ocrx_word' id='word_1_303' title='bbox 1749 2311 1800 2369; x_wconf 91' lang='lat' dir='ltr'>siti</span> 
     </span>
     <span class='ocr_line' id='line_1_27' title="bbox 134 2384 1800 2460; baseline -0.002 -19"><span class='ocrx_word' id='word_1_304' title='bbox 134 2389 166 2458; x_wconf 83' lang='grc'>(2)</span> <span class='ocrx_word' id='word_1_305' title='bbox 183 2388 398 2442; x_wconf 82' lang='lat' dir='ltr'>Debellatorem.</span> <span class='ocrx_word' id='word_1_306' title='bbox 415 2386 455 2442; x_wconf 82' lang='lat' dir='ltr'>lix</span> <span class='ocrx_word' id='word_1_307' title='bbox 470 2384 605 2460; x_wconf 92' lang='lat' dir='ltr'>opposita</span> <span class='ocrx_word' id='word_1_308' title='bbox 626 2389 809 2458; x_wconf 80' lang='lat' dir='ltr'>protectorem</span> <span class='ocrx_word' id='word_1_309' title='bbox 824 2389 921 2442; x_wconf 89' lang='lat' dir='ltr'>asten·</span> <span class='ocrx_word' id='word_1_310' title='bbox 976 2384 1028 2441; x_wconf 86' lang='lat' dir='ltr'>ills</span> <span class='ocrx_word' id='word_1_311' title='bbox 1042 2385 1218 2456; x_wconf 90' lang='lat' dir='ltr'>impetravit.</span> <span class='ocrx_word' id='word_1_312' title='bbox 1234 2387 1386 2452; x_wconf 90' lang='lat' dir='ltr'>Quomodo</span> <span class='ocrx_word' id='word_1_313' title='bbox 1413 2405 1470 2444; x_wconf 89' lang='lat' dir='ltr'>non</span> <span class='ocrx_word' id='word_1_314' title='bbox 1489 2385 1755 2460; x_wconf 81' lang='lat' dir='ltr'>geniculationibus</span> <span class='ocrx_word' id='word_1_315' title='bbox 1770 2387 1800 2439; x_wconf 91' lang='lat' dir='ltr'>at</span> 
     </span>
     <span class='ocr_line' id='line_1_28' title="bbox 108 2455 1801 2530; baseline -0.001 -18"><span class='ocrx_word' id='word_1_316' title='bbox 108 2457 144 2513; x_wconf 90' lang='lat' dir='ltr'>dit</span> <span class='ocrx_word' id='word_1_317' title='bbox 157 2459 225 2530; x_wconf 90' lang='lat' dir='ltr'>quid</span> <span class='ocrx_word' id='word_1_318' title='bbox 241 2475 295 2530; x_wconf 88' lang='lat' dir='ltr'>per</span> <span class='ocrx_word' id='word_1_319' title='bbox 310 2457 503 2514; x_wconf 78' lang='lat' dir='ltr'>debellatorem</span> <span class='ocrx_word' id='word_1_320' title='bbox 526 2456 650 2530; x_wconf 87' lang='lat' dir='ltr'>intelligi</span> <span class='ocrx_word' id='word_1_321' title='bbox 671 2457 750 2523; x_wconf 78' lang='lat' dir='ltr'>velit,</span> <span class='ocrx_word' id='word_1_322' title='bbox 775 2473 833 2513; x_wconf 91' lang='lat' dir='ltr'>non</span> <span class='ocrx_word' id='word_1_323' title='bbox 858 2456 921 2512; x_wconf 90' lang='lat' dir='ltr'>scil.</span> <span class='ocrx_word' id='word_1_324' title='bbox 972 2457 1209 2529; x_wconf 86' lang='lat' dir='ltr'>jejunationibus</span> <span class='ocrx_word' id='word_1_325' title='bbox 1225 2459 1334 2514; x_wconf 89' lang='lat' dir='ltr'>nostris</span> <span class='ocrx_word' id='word_1_326' title='bbox 1349 2459 1436 2514; x_wconf 88' lang='lat' dir='ltr'>etiam</span> <span class='ocrx_word' id='word_1_327' title='bbox 1453 2459 1601 2518; x_wconf 79' lang='lat' dir='ltr'>siccitates</span> <span class='ocrx_word' id='word_1_328' title='bbox 1617 2461 1686 2514; x_wconf 90' lang='lat' dir='ltr'>sunt</span> <span class='ocrx_word' id='word_1_329' title='bbox 1700 2455 1801 2528; x_wconf 87' lang='lat' dir='ltr'>dapal-</span> 
     </span>
     <span class='ocr_line' id='line_1_29' title="bbox 108 2526 1801 2654; baseline -0.001 -70"><span class='ocrx_word' id='word_1_330' title='bbox 108 2535 320 2597; x_wconf 84' lang='lat' dir='ltr'>exstinclorem‚</span> <span class='ocrx_word' id='word_1_331' title='bbox 335 2529 386 2585; x_wconf 91' lang='lat' dir='ltr'>sed</span> <span class='ocrx_word' id='word_1_332' title='bbox 399 2545 611 2602; x_wconf 76' lang='lat' dir='ltr'>aggressuram,</span> <span class='ocrx_word' id='word_1_333' title='bbox 627 2533 853 2654; x_wconf 73' lang='lat' dir='ltr'>persecutorem.</span> <span class='ocrx_word' id='word_1_334' title='bbox 870 2534 922 2586; x_wconf 86' lang='lat' dir='ltr'>ito·</span> <span class='ocrx_word' id='word_1_335' title='bbox 977 2545 1032 2595; x_wconf 87' lang='lat' dir='ltr'>sse;</span> <span class='ocrx_word' id='word_1_336' title='bbox 1048 2534 1119 2585; x_wconf 90' lang='lat' dir='ltr'>tunc</span> <span class='ocrx_word' id='word_1_337' title='bbox 1133 2536 1163 2585; x_wconf 90' lang='lat' dir='ltr'>et</span> <span class='ocrx_word' id='word_1_338' title='bbox 1178 2529 1305 2602; x_wconf 90' lang='lat' dir='ltr'>populus</span> <span class='ocrx_word' id='word_1_339' title='bbox 1319 2531 1484 2587; x_wconf 88' lang='lat' dir='ltr'>acclamant</span> <span class='ocrx_word' id='word_1_340' title='bbox 1496 2531 1555 2588; x_wconf 88' lang='lat' dir='ltr'>Deo</span> <span class='ocrx_word' id='word_1_341' title='bbox 1570 2530 1735 2596; x_wconf 72' lang='lat' dir='ltr'>deorumst</span> <span class='ocrx_word' id='word_1_342' title='bbox 1750 2526 1801 2601; x_wconf 92' lang='lat' dir='ltr'>qui</span> 
     </span>
     <span class='ocr_line' id='line_1_30' title="bbox 106 2599 1801 2672; baseline 0.001 -18"><span class='ocrx_word' id='word_1_343' title='bbox 106 2601 163 2656; x_wconf 88' lang='lat' dir='ltr'>dem</span> <span class='ocrx_word' id='word_1_344' title='bbox 188 2618 258 2658; x_wconf 89' lang='lat' dir='ltr'>vero</span> <span class='ocrx_word' id='word_1_345' title='bbox 283 2601 386 2658; x_wconf 88' lang='lat' dir='ltr'>ordine</span> <span class='ocrx_word' id='word_1_346' title='bbox 414 2601 468 2657; x_wconf 90' lang='lat' dir='ltr'>hos</span> <span class='ocrx_word' id='word_1_347' title='bbox 496 2618 513 2656; x_wconf 90' lang='lat' dir='ltr'>a</span> <span class='ocrx_word' id='word_1_348' title='bbox 535 2601 624 2656; x_wconf 82' lang='lat' dir='ltr'>Terta</span> <span class='ocrx_word' id='word_1_349' title='bbox 637 2599 715 2657; x_wconf 91' lang='lat' dir='ltr'>liano</span> <span class='ocrx_word' id='word_1_350' title='bbox 754 2601 924 2656; x_wconf 86' lang='lat' dir='ltr'>nominatos</span> <span class='ocrx_word' id='word_1_351' title='bbox 978 2599 1059 2656; x_wconf 93' lang='lat' dir='ltr'>solus</span> <span class='ocrx_word' id='word_1_352' title='bbox 1074 2603 1188 2672; x_wconf 85' lang='lat' dir='ltr'>potens,</span> <span class='ocrx_word' id='word_1_353' title='bbox 1204 2601 1234 2656; x_wconf 90' lang='lat' dir='ltr'>in</span> <span class='ocrx_word' id='word_1_354' title='bbox 1249 2601 1330 2658; x_wconf 82' lang='lat' dir='ltr'>iovis</span> <span class='ocrx_word' id='word_1_355' title='bbox 1345 2603 1463 2659; x_wconf 88' lang='lat' dir='ltr'>nornine</span> <span class='ocrx_word' id='word_1_356' title='bbox 1479 2602 1538 2658; x_wconf 87' lang='lat' dir='ltr'>Dea</span> <span class='ocrx_word' id='word_1_357' title='bbox 1554 2608 1654 2658; x_wconf 90' lang='lat' dir='ltr'>nostro</span> <span class='ocrx_word' id='word_1_358' title='bbox 1668 2600 1801 2656; x_wconf 89' lang='lat' dir='ltr'>testimo·</span> 
     </span>
     <span class='ocr_line' id='line_1_31' title="bbox 104 2671 1801 2798; baseline -0.001 -72"><span class='ocrx_word' id='word_1_359' title='bbox 104 2673 255 2746; x_wconf 89' lang='lat' dir='ltr'>imperatos</span> <span class='ocrx_word' id='word_1_360' title='bbox 272 2671 397 2729; x_wconf 89' lang='lat' dir='ltr'>collocat</span> <span class='ocrx_word' id='word_1_361' title='bbox 409 2673 619 2742; x_wconf 83' lang='lat' dir='ltr'>Theodorctus,</span> <span class='ocrx_word' id='word_1_362' title='bbox 631 2671 688 2727; x_wconf 89' lang='lat' dir='ltr'>nisi</span> <span class='ocrx_word' id='word_1_363' title='bbox 710 2673 787 2798; x_wconf 66' lang='lat' dir='ltr'>quod</span> <span class='ocrx_word' id='word_1_364' title='bbox 803 2678 923 2728; x_wconf 86' lang='lat' dir='ltr'>contra·</span> <span class='ocrx_word' id='word_1_365' title='bbox 977 2672 1062 2728; x_wconf 93' lang='lat' dir='ltr'>nium</span> <span class='ocrx_word' id='word_1_366' title='bbox 1077 2672 1214 2730; x_wconf 88' lang='lat' dir='ltr'>reddidit.</span> <span class='ocrx_word' id='word_1_367' title='bbox 1234 2695 1244 2723; x_wconf 82' lang='grc' dir='ltr'>ι</span> <span class='ocrx_word' id='word_1_368' title='bbox 1261 2673 1425 2731; x_wconf 90' lang='lat' dir='ltr'>Invidentes</span> <span class='ocrx_word' id='word_1_369' title='bbox 1440 2680 1539 2731; x_wconf 88' lang='lat' dir='ltr'>tamen</span> <span class='ocrx_word' id='word_1_370' title='bbox 1561 2674 1660 2746; x_wconf 81' lang='lat' dir='ltr'>glorie</span> <span class='ocrx_word' id='word_1_371' title='bbox 1676 2671 1801 2728; x_wconf 89' lang='lat' dir='ltr'>Christi-</span> 
     </span>
     <span class='ocr_line' id='line_1_32' title="bbox 104 2740 1801 2817; baseline 0 -19"><span class='ocrx_word' id='word_1_372' title='bbox 104 2745 141 2799; x_wconf 92' lang='lat' dir='ltr'>ria</span> <span class='ocrx_word' id='word_1_373' title='bbox 155 2761 242 2800; x_wconf 89' lang='lat' dir='ltr'>censu</span> <span class='ocrx_word' id='word_1_374' title='bbox 257 2744 314 2800; x_wconf 88' lang='lat' dir='ltr'>hos</span> <span class='ocrx_word' id='word_1_375' title='bbox 329 2759 432 2800; x_wconf 91' lang='lat' dir='ltr'>omnes</span> <span class='ocrx_word' id='word_1_376' title='bbox 447 2747 648 2817; x_wconf 87' lang='lat' dir='ltr'>persecutores</span> <span class='ocrx_word' id='word_1_377' title='bbox 671 2743 723 2800; x_wconf 76' lang='lat' dir='ltr'>lico</span> <span class='ocrx_word' id='word_1_378' title='bbox 737 2743 803 2800; x_wconf 82' lang='lat' dir='ltr'>asie</span> <span class='ocrx_word' id='word_1_379' title='bbox 829 2747 921 2811; x_wconf 92' lang='lat' dir='ltr'>vocet,</span> <span class='ocrx_word' id='word_1_380' title='bbox 978 2760 1084 2800; x_wconf 92' lang='lat' dir='ltr'>norum</span> <span class='ocrx_word' id='word_1_381' title='bbox 1100 2745 1234 2816; x_wconf 82' lang='lat' dir='ltr'>gentiles.</span> <span class='ocrx_word' id='word_1_382' title='bbox 1250 2745 1286 2801; x_wconf 89' lang='lat' dir='ltr'>ab</span> <span class='ocrx_word' id='word_1_383' title='bbox 1302 2744 1360 2802; x_wconf 91' lang='lat' dir='ltr'>illis</span> <span class='ocrx_word' id='word_1_384' title='bbox 1374 2745 1427 2801; x_wconf 89' lang='lat' dir='ltr'>boo</span> <span class='ocrx_word' id='word_1_385' title='bbox 1446 2747 1535 2802; x_wconf 90' lang='lat' dir='ltr'>decus</span> <span class='ocrx_word' id='word_1_386' title='bbox 1562 2743 1678 2802; x_wconf 85' lang='lat' dir='ltr'>amoliri</span> <span class='ocrx_word' id='word_1_387' title='bbox 1703 2740 1801 2801; x_wconf 88' lang='lat' dir='ltr'>conati</span> 
     </span>
     <span class='ocr_line' id='line_1_33' title="bbox 104 2814 1803 2892; baseline -0.001 -22"><span class='ocrx_word' id='word_1_388' title='bbox 104 2831 182 2892; x_wconf 88' lang='lat' dir='ltr'>quam</span> <span class='ocrx_word' id='word_1_389' title='bbox 193 2821 295 2872; x_wconf 90' lang='lat' dir='ltr'>lamen</span> <span class='ocrx_word' id='word_1_390' title='bbox 310 2815 457 2872; x_wconf 89' lang='lat' dir='ltr'>debellare</span> <span class='ocrx_word' id='word_1_391' title='bbox 472 2823 500 2872; x_wconf 88' lang='lat' dir='ltr'>et</span> <span class='ocrx_word' id='word_1_392' title='bbox 514 2815 698 2888; x_wconf 85' lang='lat' dir='ltr'>exstinguere</span> <span class='ocrx_word' id='word_1_393' title='bbox 727 2815 921 2888; x_wconf 91' lang='lat' dir='ltr'>nequiverint.</span> <span class='ocrx_word' id='word_1_394' title='bbox 977 2819 1060 2871; x_wconf 89' lang='lat' dir='ltr'>sunt.</span> <span class='ocrx_word' id='word_1_395' title='bbox 1072 2820 1172 2891; x_wconf 81' lang='lat' dir='ltr'>ltqque</span> <span class='ocrx_word' id='word_1_396' title='bbox 1186 2815 1316 2873; x_wconf 88' lang='lat' dir='ltr'>moribus</span> <span class='ocrx_word' id='word_1_397' title='bbox 1332 2817 1443 2873; x_wconf 91' lang='lat' dir='ltr'>sanctis</span> <span class='ocrx_word' id='word_1_398' title='bbox 1461 2814 1570 2874; x_wconf 77' lang='lat' dir='ltr'>Aurelii</span> <span class='ocrx_word' id='word_1_399' title='bbox 1589 2817 1683 2884; x_wconf 87' lang='lat' dir='ltr'>ipsius</span> <span class='ocrx_word' id='word_1_400' title='bbox 1697 2814 1803 2871; x_wconf 86' lang='lat' dir='ltr'>tribuit</span> 
     </span>
     <span class='ocr_line' id='line_1_34' title="bbox 103 2885 1800 2961; baseline 0.001 -19"><span class='ocrx_word' id='word_1_401' title='bbox 103 2888 276 2944; x_wconf 75' lang='lat' dir='ltr'>Conuenient</span> <span class='ocrx_word' id='word_1_402' title='bbox 290 2892 401 2958; x_wconf 89' lang='lat' dir='ltr'>autem,</span> <span class='ocrx_word' id='word_1_403' title='bbox 412 2889 437 2943; x_wconf 92' lang='lat' dir='ltr'>si</span> <span class='ocrx_word' id='word_1_404' title='bbox 452 2887 534 2943; x_wconf 91' lang='lat' dir='ltr'>dicas</span> <span class='ocrx_word' id='word_1_405' title='bbox 548 2885 589 2956; x_wconf 91' lang='lat' dir='ltr'>id,</span> <span class='ocrx_word' id='word_1_406' title='bbox 604 2885 681 2959; x_wconf 92' lang='lat' dir='ltr'>quod</span> <span class='ocrx_word' id='word_1_407' title='bbox 697 2903 744 2944; x_wconf 91' lang='lat' dir='ltr'>res</span> <span class='ocrx_word' id='word_1_408' title='bbox 768 2891 823 2954; x_wconf 89' lang='lat' dir='ltr'>est,</span> <span class='ocrx_word' id='word_1_409' title='bbox 847 2891 923 2943; x_wconf 89' lang='lat' dir='ltr'>tacte</span> <span class='ocrx_word' id='word_1_410' title='bbox 977 2888 1007 2942; x_wconf 93' lang='lat' dir='ltr'>in</span> <span class='ocrx_word' id='word_1_411' title='bbox 1022 2887 1089 2943; x_wconf 87' lang='lat' dir='ltr'>Vita</span> <span class='ocrx_word' id='word_1_412' title='bbox 1103 2888 1168 2957; x_wconf 88' lang='lat' dir='ltr'>ejus</span> <span class='ocrx_word' id='word_1_413' title='bbox 1194 2887 1375 2961; x_wconf 85' lang='lat' dir='ltr'>Capitolinus</span> <span class='ocrx_word' id='word_1_414' title='bbox 1392 2905 1398 2943; x_wconf 94' lang='lat'><strong>:</strong></span> <span class='ocrx_word' id='word_1_415' title='bbox 1417 2910 1431 2939; x_wconf 81' lang='lat' dir='ltr'>a</span> <span class='ocrx_word' id='word_1_416' title='bbox 1447 2888 1567 2945; x_wconf 74' lang='lat' dir='ltr'>Fulmen</span> <span class='ocrx_word' id='word_1_417' title='bbox 1592 2890 1628 2944; x_wconf 91' lang='lat' dir='ltr'>de</span> <span class='ocrx_word' id='word_1_418' title='bbox 1650 2887 1720 2942; x_wconf 86' lang='lat' dir='ltr'>ooelo</span> <span class='ocrx_word' id='word_1_419' title='bbox 1736 2903 1800 2959; x_wconf 91' lang='lat' dir='ltr'>pre-</span> 
     </span>
     <span class='ocr_line' id='line_1_35' title="bbox 122 2956 1802 3030; baseline 0.001 -17"><span class='ocrx_word' id='word_1_420' title='bbox 122 2959 346 3025; x_wconf 86' lang='lat' dir='ltr'>cidernomnss,</span> <span class='ocrx_word' id='word_1_421' title='bbox 369 2975 427 3014; x_wconf 90' lang='lat' dir='ltr'>non</span> <span class='ocrx_word' id='word_1_422' title='bbox 451 2975 517 3015; x_wconf 89' lang='lat' dir='ltr'>vero</span> <span class='ocrx_word' id='word_1_423' title='bbox 540 2962 640 3030; x_wconf 88' lang='lat' dir='ltr'>aperte</span> <span class='ocrx_word' id='word_1_424' title='bbox 663 2956 702 3029; x_wconf 94' lang='lat' dir='ltr'>vi,</span> <span class='ocrx_word' id='word_1_425' title='bbox 727 2963 760 3014; x_wconf 93' lang='lat' dir='ltr'>ut</span> <span class='ocrx_word' id='word_1_426' title='bbox 782 2963 869 3024; x_wconf 85' lang='lat' dir='ltr'>Nero,</span> <span class='ocrx_word' id='word_1_427' title='bbox 892 2962 923 3014; x_wconf 93' lang='lat' dir='ltr'>ut</span> <span class='ocrx_word' id='word_1_428' title='bbox 977 2957 1383 3017; x_wconf 86' lang='lat' dir='ltr'>ribussuicontrabostium</span> <span class='ocrx_word' id='word_1_429' title='bbox 1413 2961 1680 3018; x_wconf 76' lang='lat' dir='ltr'>machinamentum</span> <span class='ocrx_word' id='word_1_430' title='bbox 1710 2964 1802 3015; x_wconf 87' lang='lat' dir='ltr'>extor-</span> 
     </span>
     <span class='ocr_line' id='line_1_36' title="bbox 102 2975 1800 3114; baseline 0.001 -29"><span class='ocrx_word' id='word_1_431' title='bbox 102 2975 293 3100; x_wconf 57' lang='lat' dir='ltr'>Bomitianus,</span> <span class='ocrx_word' id='word_1_432' title='bbox 308 3031 399 3086; x_wconf 86' lang='lat' dir='ltr'>luisse</span> <span class='ocrx_word' id='word_1_433' title='bbox 412 3035 572 3103; x_wconf 86' lang='lat' dir='ltr'>grassatos.</span> <span class='ocrx_word' id='word_1_434' title='bbox 589 3029 617 3086; x_wconf 91' lang='lat' dir='ltr'>ls</span> <span class='ocrx_word' id='word_1_435' title='bbox 630 3030 837 3104; x_wconf 80' lang='lat' dir='ltr'>itaqaep.12ti</span> <span class='ocrx_word' id='word_1_436' title='bbox 852 3027 921 3086; x_wconf 70' lang='lat' dir='ltr'>:liv</span> <span class='ocrx_word' id='word_1_437' title='bbox 978 3030 1028 3098; x_wconf 90' lang='lat' dir='ltr'>sit,</span> <span class='ocrx_word' id='word_1_438' title='bbox 1043 3029 1106 3086; x_wconf 90' lang='lat' dir='ltr'>suis</span> <span class='ocrx_word' id='word_1_439' title='bbox 1121 3029 1219 3114; x_wconf 86' lang='lat' dir='ltr'>pluvia</span> <span class='ocrx_word' id='word_1_440' title='bbox 1234 3030 1400 3102; x_wconf 85' lang='lat' dir='ltr'>impetrata,</span> <span class='ocrx_word' id='word_1_441' title='bbox 1417 3047 1507 3103; x_wconf 90' lang='lat' dir='ltr'>quum</span> <span class='ocrx_word' id='word_1_442' title='bbox 1523 3033 1571 3090; x_wconf 91' lang='lat' dir='ltr'>siti</span> <span class='ocrx_word' id='word_1_443' title='bbox 1589 3031 1768 3087; x_wconf 87' lang='lat' dir='ltr'>laborarent.</span> <span class='ocrx_word' id='word_1_444' title='bbox 1785 3049 1800 3080; x_wconf 78' lang='lat' dir='ltr'>a</span> 
     </span>
     <span class='ocr_line' id='line_1_37' title="bbox 102 3097 1803 3186; baseline 0.002 -32"><span class='ocrx_word' id='word_1_445' title='bbox 102 3097 235 3157; x_wconf 71' lang='lat' dir='ltr'>titides</span> <span class='ocrx_word' id='word_1_446' title='bbox 251 3120 284 3156; x_wconf 80' lang='grc' dir='ltr'>τι</span> <span class='ocrx_word' id='word_1_447' title='bbox 298 3099 344 3155; x_wconf 73' lang='grc' dir='ltr'>καὶ</span> <span class='ocrx_word' id='word_1_448' title='bbox 358 3099 496 3168; x_wconf 80' lang='grc' dir='ltr'>τελωνῶν,</span> <span class='ocrx_word' id='word_1_449' title='bbox 512 3106 580 3171; x_wconf 83' lang='lat' dir='ltr'>eta,</span> <span class='ocrx_word' id='word_1_450' title='bbox 596 3101 616 3156; x_wconf 92' lang='lat' dir='ltr'>i.</span> <span class='ocrx_word' id='word_1_451' title='bbox 633 3116 659 3157; x_wconf 93' lang='lat' dir='ltr'>e.</span> <span class='ocrx_word' id='word_1_452' title='bbox 676 3123 691 3152; x_wconf 78' lang='lat' dir='ltr'>a</span> <span class='ocrx_word' id='word_1_453' title='bbox 706 3105 742 3158; x_wconf 82' lang='lat' dir='ltr'>At</span> <span class='ocrx_word' id='word_1_454' title='bbox 755 3101 833 3174; x_wconf 86' lang='lat' dir='ltr'>leges</span> <span class='ocrx_word' id='word_1_455' title='bbox 848 3118 923 3175; x_wconf 91' lang='lat' dir='ltr'>quas</span> <span class='ocrx_word' id='word_1_456' title='bbox 979 3105 1040 3156; x_wconf 83' lang='lat' dir='ltr'>Huc</span> <span class='ocrx_word' id='word_1_457' title='bbox 1056 3101 1309 3186; x_wconf 86' lang='lat' dir='ltr'>pert1netlupitsr</span> <span class='ocrx_word' id='word_1_458' title='bbox 1324 3102 1372 3160; x_wconf 90' lang='lat' dir='ltr'>ille</span> <span class='ocrx_word' id='word_1_459' title='bbox 1387 3102 1515 3168; x_wconf 70' lang='lat' dir='ltr'>Flavius,</span> <span class='ocrx_word' id='word_1_460' title='bbox 1539 3105 1624 3176; x_wconf 86' lang='lat' dir='ltr'>cujus</span> <span class='ocrx_word' id='word_1_461' title='bbox 1639 3102 1751 3158; x_wconf 83' lang='lat' dir='ltr'>iconem</span> <span class='ocrx_word' id='word_1_462' title='bbox 1767 3117 1803 3158; x_wconf 84' lang='lat' dir='ltr'>ex</span> 
     </span>
    </p>
   </div>
   <div class='ocr_carea' id='block_1_8' title="bbox 102 3147 1801 3300">
    <p class='ocr_par' dir='ltr' id='par_1_10' title="bbox 102 3147 1801 3300">
     <span class='ocr_line' id='line_1_38' title="bbox 102 3147 1801 3300; baseline 0.001 -74"><span class='ocrx_word' id='word_1_463' title='bbox 102 3175 185 3230; x_wconf 85' lang='lat' dir='ltr'>nostri</span> <span class='ocrx_word' id='word_1_464' title='bbox 201 3175 366 3247; x_wconf 82' lang='lat' dir='ltr'>piscatores</span> <span class='ocrx_word' id='word_1_465' title='bbox 380 3179 409 3230; x_wconf 93' lang='lat' dir='ltr'>et</span> <span class='ocrx_word' id='word_1_466' title='bbox 423 3173 582 3246; x_wconf 83' lang='lat' dir='ltr'>publicani,</span> <span class='ocrx_word' id='word_1_467' title='bbox 599 3189 732 3246; x_wconf 88' lang='lat' dir='ltr'>quasque</span> <span class='ocrx_word' id='word_1_468' title='bbox 746 3181 831 3231; x_wconf 90' lang='lat' dir='ltr'>sutor</span> <span class='ocrx_word' id='word_1_469' title='bbox 858 3178 921 3230; x_wconf 91' lang='lat' dir='ltr'>teu·</span> <span class='ocrx_word' id='word_1_470' title='bbox 937 3147 959 3216; x_wconf 70' lang='lat' dir='ltr'><strong>c</strong></span> <span class='ocrx_word' id='word_1_471' title='bbox 978 3171 1120 3230; x_wconf 87' lang='lat' dir='ltr'>Columna</span> <span class='ocrx_word' id='word_1_472' title='bbox 1136 3176 1301 3230; x_wconf 72' lang='lat' dir='ltr'>antoniana</span> <span class='ocrx_word' id='word_1_473' title='bbox 1316 3175 1451 3232; x_wconf 89' lang='lat' dir='ltr'>dedimus</span> <span class='ocrx_word' id='word_1_474' title='bbox 1465 3181 1494 3232; x_wconf 89' lang='lat' dir='ltr'>et</span> <span class='ocrx_word' id='word_1_475' title='bbox 1508 3176 1544 3232; x_wconf 89' lang='lat' dir='ltr'>ds</span> <span class='ocrx_word' id='word_1_476' title='bbox 1558 3191 1614 3248; x_wconf 93' lang='lat' dir='ltr'>quo</span> <span class='ocrx_word' id='word_1_477' title='bbox 1631 3173 1801 3300; x_wconf 59' lang='lat' dir='ltr'>propediem</span> 
     </span>
    </p>
   </div>
   <div class='ocr_carea' id='block_1_9' title="bbox 95 3243 1803 5827">
    <p class='ocr_par' dir='ltr' id='par_1_11' title="bbox 95 3243 1803 5827">
     <span class='ocr_line' id='line_1_39' title="bbox 101 3243 1800 3319; baseline 0 -19"><span class='ocrx_word' id='word_1_478' title='bbox 101 3245 202 3302; x_wconf 76' lang='lat' dir='ltr'>muium</span> <span class='ocrx_word' id='word_1_479' title='bbox 231 3245 371 3302; x_wconf 89' lang='lat' dir='ltr'>tulerunt</span> <span class='ocrx_word' id='word_1_480' title='bbox 398 3261 432 3301; x_wconf 89' lang='lat' dir='ltr'>aa</span> <span class='ocrx_word' id='word_1_481' title='bbox 469 3243 706 3318; x_wconf 88' lang='lat' dir='ltr'>promulgarunt,</span> <span class='ocrx_word' id='word_1_482' title='bbox 737 3262 794 3302; x_wconf 92' lang='lat' dir='ltr'>non</span> <span class='ocrx_word' id='word_1_483' title='bbox 823 3246 922 3312; x_wconf 71' lang='lat' dir='ltr'>Caius3</span> <span class='ocrx_word' id='word_1_484' title='bbox 977 3243 1157 3315; x_wconf 77' lang='lat' dir='ltr'>singularem</span> <span class='ocrx_word' id='word_1_485' title='bbox 1194 3243 1434 3303; x_wconf 86' lang='lat' dir='ltr'>Dissertaticacm</span> <span class='ocrx_word' id='word_1_486' title='bbox 1466 3246 1555 3319; x_wconf 78' lang='lat' dir='ltr'>prelo</span> <span class='ocrx_word' id='word_1_487' title='bbox 1593 3262 1627 3303; x_wconf 90' lang='lat' dir='ltr'>su</span> <span class='ocrx_word' id='word_1_488' title='bbox 1648 3243 1800 3316; x_wconf 90' lang='lat' dir='ltr'>jiciemus,</span> 
     </span>
     <span class='ocr_line' id='line_1_40' title="bbox 101 3315 1800 3391; baseline 0 -20"><span class='ocrx_word' id='word_1_489' title='bbox 101 3317 309 3374; x_wconf 78' lang='lat' dir='ltr'>conclaudius</span> <span class='ocrx_word' id='word_1_490' title='bbox 337 3316 496 3373; x_wconf 90' lang='lat' dir='ltr'>dissolvere</span> <span class='ocrx_word' id='word_1_491' title='bbox 525 3320 694 3389; x_wconf 88' lang='lat' dir='ltr'>potuerunt,</span> <span class='ocrx_word' id='word_1_492' title='bbox 722 3333 775 3372; x_wconf 90' lang='lat' dir='ltr'>neo</span> <span class='ocrx_word' id='word_1_493' title='bbox 803 3315 852 3386; x_wconf 87' lang='lat' dir='ltr'>qui</span> <span class='ocrx_word' id='word_1_494' title='bbox 880 3317 922 3373; x_wconf 93' lang='lat' dir='ltr'>eis</span> <span class='ocrx_word' id='word_1_495' title='bbox 976 3332 1065 3388; x_wconf 87' lang='lat' dir='ltr'>quarn</span> <span class='ocrx_word' id='word_1_496' title='bbox 1082 3316 1192 3384; x_wconf 90' lang='lat' dir='ltr'>conler,</span> <span class='ocrx_word' id='word_1_497' title='bbox 1208 3316 1233 3371; x_wconf 92' lang='lat' dir='ltr'>si</span> <span class='ocrx_word' id='word_1_498' title='bbox 1249 3317 1482 3390; x_wconf 81' lang='lat' dir='ltr'>piacetlleonem</span> <span class='ocrx_word' id='word_1_499' title='bbox 1506 3319 1583 3375; x_wconf 91' lang='lat' dir='ltr'>hanc</span> <span class='ocrx_word' id='word_1_500' title='bbox 1611 3315 1722 3391; x_wconf 89' lang='lat' dir='ltr'>passim</span> <span class='ocrx_word' id='word_1_501' title='bbox 1739 3316 1800 3374; x_wconf 93' lang='lat' dir='ltr'>edi·</span> 
     </span>
     <span class='ocr_line' id='line_1_41' title="bbox 101 3385 1692 3463; baseline 0 -20"><span class='ocrx_word' id='word_1_502' title='bbox 101 3390 233 3445; x_wconf 88' lang='lat' dir='ltr'>successit</span> <span class='ocrx_word' id='word_1_503' title='bbox 248 3390 338 3447; x_wconf 84' lang='lat' dir='ltr'>Nero.</span> <span class='ocrx_word' id='word_1_504' title='bbox 354 3388 407 3444; x_wconf 88' lang='lat' dir='ltr'>iiic</span> <span class='ocrx_word' id='word_1_505' title='bbox 420 3389 498 3445; x_wconf 92' lang='lat' dir='ltr'>enim</span> <span class='ocrx_word' id='word_1_506' title='bbox 515 3388 632 3444; x_wconf 90' lang='lat' dir='ltr'>tametsi</span> <span class='ocrx_word' id='word_1_507' title='bbox 648 3388 722 3443; x_wconf 88' lang='lat' dir='ltr'>duos</span> <span class='ocrx_word' id='word_1_508' title='bbox 737 3389 865 3461; x_wconf 91' lang='lat' dir='ltr'>optimos</span> <span class='ocrx_word' id='word_1_509' title='bbox 881 3387 922 3444; x_wconf 94' lang='lat' dir='ltr'>le·</span> <span class='ocrx_word' id='word_1_510' title='bbox 977 3393 1037 3444; x_wconf 89' lang='lat' dir='ltr'>tem</span> <span class='ocrx_word' id='word_1_511' title='bbox 1051 3387 1151 3444; x_wconf 88' lang='lat' dir='ltr'>videas</span> <span class='ocrx_word' id='word_1_512' title='bbox 1168 3385 1266 3456; x_wconf 86' lang='lat' dir='ltr'>velim,</span> <span class='ocrx_word' id='word_1_513' title='bbox 1283 3405 1389 3462; x_wconf 90' lang='lat' dir='ltr'>nempe</span> <span class='ocrx_word' id='word_1_514' title='bbox 1403 3391 1481 3463; x_wconf 88' lang='lat' dir='ltr'>apud</span> <span class='ocrx_word' id='word_1_515' title='bbox 1497 3389 1692 3460; x_wconf 68' lang='lat' dir='ltr'>Beronibus.</span> 
     </span>
     <span class='ocr_line' id='line_1_42' title="bbox 99 3457 1800 3542; baseline 0.002 -30"><span class='ocrx_word' id='word_1_516' title='bbox 99 3460 247 3531; x_wconf 84' lang='lat' dir='ltr'>gialalores</span> <span class='ocrx_word' id='word_1_517' title='bbox 279 3477 336 3516; x_wconf 91' lang='lat' dir='ltr'>sua</span> <span class='ocrx_word' id='word_1_518' title='bbox 363 3460 550 3542; x_wconf 75' lang='lat' dir='ltr'>immanitate</span> <span class='ocrx_word' id='word_1_519' title='bbox 578 3460 785 3542; x_wconf 81' lang='lat' dir='ltr'>prostraverit;</span> <span class='ocrx_word' id='word_1_520' title='bbox 802 3463 922 3517; x_wconf 87' lang='lat' dir='ltr'>Petrum</span> <span class='ocrx_word' id='word_1_521' title='bbox 1013 3459 1051 3532; x_wconf 91' lang='grc'>(5)</span> <span class='ocrx_word' id='word_1_522' title='bbox 1068 3459 1243 3532; x_wconf 82' lang='lat' dir='ltr'>Nonpatam.</span> <span class='ocrx_word' id='word_1_523' title='bbox 1264 3460 1380 3518; x_wconf 86' lang='lat' dir='ltr'>Marcus</span> <span class='ocrx_word' id='word_1_524' title='bbox 1405 3461 1542 3519; x_wconf 76' lang='lat' dir='ltr'>Aurelius</span> <span class='ocrx_word' id='word_1_525' title='bbox 1564 3465 1592 3517; x_wconf 86' lang='lat' dir='ltr'>et</span> <span class='ocrx_word' id='word_1_526' title='bbox 1615 3457 1800 3518; x_wconf 76' lang='lat' dir='ltr'>conscientie</span> 
     </span>
     <span class='ocr_line' id='line_1_43' title="bbox 100 3529 1799 3604; baseline 0 -19"><span class='ocrx_word' id='word_1_527' title='bbox 100 3547 219 3604; x_wconf 89' lang='lat' dir='ltr'>namque</span> <span class='ocrx_word' id='word_1_528' title='bbox 236 3530 674 3602; x_wconf 84' lang='lat' dir='ltr'>acPauluminterbcrjussrt;</span> <span class='ocrx_word' id='word_1_529' title='bbox 691 3535 821 3602; x_wconf 86' lang='lat' dir='ltr'>atcerte,</span> <span class='ocrx_word' id='word_1_530' title='bbox 848 3547 923 3602; x_wconf 89' lang='lat' dir='ltr'>ques</span> <span class='ocrx_word' id='word_1_531' title='bbox 978 3529 1394 3604; x_wconf 81' lang='lat' dir='ltr'>suaesstistsceresilegibus</span> <span class='ocrx_word' id='word_1_532' title='bbox 1413 3531 1487 3590; x_wconf 89' lang='lat' dir='ltr'>nihil</span> <span class='ocrx_word' id='word_1_533' title='bbox 1516 3532 1669 3590; x_wconf 86' lang='lat' dir='ltr'>detrahere</span> <span class='ocrx_word' id='word_1_534' title='bbox 1698 3529 1799 3587; x_wconf 88' lang='lat' dir='ltr'>voluit.</span> 
     </span>
     <span class='ocr_line' id='line_1_44' title="bbox 99 3600 1801 3676; baseline 0.002 -20"><span class='ocrx_word' id='word_1_535' title='bbox 99 3600 136 3657; x_wconf 93' lang='lat' dir='ltr'>illi</span> <span class='ocrx_word' id='word_1_536' title='bbox 151 3603 384 3676; x_wconf 88' lang='lat' dir='ltr'>promulgarunt</span> <span class='ocrx_word' id='word_1_537' title='bbox 398 3603 614 3674; x_wconf 89' lang='lat' dir='ltr'>leges,minime</span> <span class='ocrx_word' id='word_1_538' title='bbox 630 3603 826 3660; x_wconf 82' lang='lat' dir='ltr'>sustulitNon</span> <span class='ocrx_word' id='word_1_539' title='bbox 840 3603 922 3658; x_wconf 91' lang='lat' dir='ltr'>deni·</span> <span class='ocrx_word' id='word_1_540' title='bbox 977 3604 1079 3675; x_wconf 88' lang='lat' dir='ltr'>ltaque</span> <span class='ocrx_word' id='word_1_541' title='bbox 1094 3618 1130 3659; x_wconf 94' lang='lat' dir='ltr'>ne</span> <span class='ocrx_word' id='word_1_542' title='bbox 1146 3609 1354 3661; x_wconf 88' lang='lat' dir='ltr'>accusarentur</span> <span class='ocrx_word' id='word_1_543' title='bbox 1368 3605 1462 3674; x_wconf 78' lang='lat' dir='ltr'>facile,</span> <span class='ocrx_word' id='word_1_544' title='bbox 1477 3621 1594 3662; x_wconf 89' lang='lat' dir='ltr'>crucem</span> <span class='ocrx_word' id='word_1_545' title='bbox 1619 3602 1801 3662; x_wconf 89' lang='lat' dir='ltr'>delatoribus</span> 
     </span>
     <span class='ocr_line' id='line_1_45' title="bbox 100 3673 1801 3747; baseline 0 -19"><span class='ocrx_word' id='word_1_546' title='bbox 100 3689 149 3744; x_wconf 88' lang='lat' dir='ltr'>que</span> <span class='ocrx_word' id='word_1_547' title='bbox 172 3675 388 3747; x_wconf 86' lang='lat' dir='ltr'>Vespasianus,</span> <span class='ocrx_word' id='word_1_548' title='bbox 418 3691 476 3730; x_wconf 93' lang='lat' dir='ltr'>non</span> <span class='ocrx_word' id='word_1_549' title='bbox 505 3675 599 3740; x_wconf 81' lang='lat' dir='ltr'>Titus,</span> <span class='ocrx_word' id='word_1_550' title='bbox 628 3690 686 3730; x_wconf 92' lang='lat' dir='ltr'>non</span> <span class='ocrx_word' id='word_1_551' title='bbox 716 3673 922 3743; x_wconf 84' lang='lat' dir='ltr'>Domitianus;</span> <span class='ocrx_word' id='word_1_552' title='bbox 977 3673 1336 3736; x_wconf 84' lang='lat' dir='ltr'>constituit,curntarnsn</span> <span class='ocrx_word' id='word_1_553' title='bbox 1361 3683 1514 3734; x_wconf 87' lang='lat' dir='ltr'>accusatos</span> <span class='ocrx_word' id='word_1_554' title='bbox 1535 3681 1564 3734; x_wconf 89' lang='lat' dir='ltr'>et</span> <span class='ocrx_word' id='word_1_555' title='bbox 1592 3675 1751 3745; x_wconf 87' lang='lat' dir='ltr'>convictos,</span> <span class='ocrx_word' id='word_1_556' title='bbox 1767 3674 1801 3728; x_wconf 88' lang='lat' dir='ltr'>il-</span> 
     </span>
     <span class='ocr_line' id='line_1_46' title="bbox 101 3745 1803 3822; baseline 0.002 -24"><span class='ocrx_word' id='word_1_557' title='bbox 101 3760 266 3818; x_wconf 85' lang='lat' dir='ltr'>quanquam</span> <span class='ocrx_word' id='word_1_558' title='bbox 286 3745 389 3802; x_wconf 90' lang='lat' dir='ltr'>multis</span> <span class='ocrx_word' id='word_1_559' title='bbox 415 3761 449 3801; x_wconf 89' lang='lat' dir='ltr'>sc</span> <span class='ocrx_word' id='word_1_560' title='bbox 471 3745 561 3801; x_wconf 90' lang='lat' dir='ltr'>variis</span> <span class='ocrx_word' id='word_1_561' title='bbox 585 3745 853 3802; x_wconf 86' lang='lat' dir='ltr'>machinationibus</span> <span class='ocrx_word' id='word_1_562' title='bbox 874 3761 923 3802; x_wconf 80' lang='lat' dir='ltr'>eas</span> <span class='ocrx_word' id='word_1_563' title='bbox 977 3747 1104 3817; x_wconf 91' lang='lat' dir='ltr'>demque</span> <span class='ocrx_word' id='word_1_564' title='bbox 1118 3745 1247 3802; x_wconf 89' lang='lat' dir='ltr'>abnuere</span> <span class='ocrx_word' id='word_1_565' title='bbox 1262 3753 1431 3804; x_wconf 87' lang='lat' dir='ltr'>recusantes</span> <span class='ocrx_word' id='word_1_566' title='bbox 1454 3747 1599 3822; x_wconf 87' lang='lat' dir='ltr'>perleges</span> <span class='ocrx_word' id='word_1_567' title='bbox 1615 3764 1695 3805; x_wconf 91' lang='lat' dir='ltr'>mors</span> <span class='ocrx_word' id='word_1_568' title='bbox 1723 3751 1803 3802; x_wconf 90' lang='lat' dir='ltr'>certa</span> 
     </span>
     <span class='ocr_line' id='line_1_47' title="bbox 100 3815 1799 3948; baseline 0.002 -78"><span class='ocrx_word' id='word_1_569' title='bbox 100 3833 268 3947; x_wconf 48' lang='lat' dir='ltr'>epptqutare</span> <span class='ocrx_word' id='word_1_570' title='bbox 291 3815 630 3945; x_wconf 42' lang='grc' dir='ltr'>ιιιοιιιὶιιιᾲιιζιίι,Ηιιιιι1(οάιι</span> <span class='ocrx_word' id='word_1_571' title='bbox 656 3818 735 3944; x_wconf 48' lang='lat' dir='ltr'>eain}</span> <span class='ocrx_word' id='word_1_572' title='bbox 758 3819 794 3874; x_wconf 89' lang='lat' dir='ltr'>de</span> <span class='ocrx_word' id='word_1_573' title='bbox 828 3817 923 3944; x_wconf 59' lang='lat' dir='ltr'>quio</span> <span class='ocrx_word' id='word_1_574' title='bbox 977 3823 1118 3944; x_wconf 47' lang='lat' dir='ltr'>malrlterelz</span> <span class='ocrx_word' id='word_1_575' title='bbox 1136 3817 1423 3946; x_wconf 51' lang='lat' dir='ltr'>lffffsimeflitsquefl</span> <span class='ocrx_word' id='word_1_576' title='bbox 1444 3836 1501 3948; x_wconf 55' lang='lat' dir='ltr'>eppira</span> <span class='ocrx_word' id='word_1_577' title='bbox 1522 3819 1704 3946; x_wconf 56' lang='lat' dir='ltr'>sqfitulerupt</span> <span class='ocrx_word' id='word_1_578' title='bbox 1723 3834 1799 3944; x_wconf 47' lang='lat' dir='ltr'>nond</span> 
     </span>
     <span class='ocr_line' id='line_1_48' title="bbox 100 3903 1799 4042; baseline 0 -26"><span class='ocrx_word' id='word_1_579' title='bbox 100 3903 499 4042; x_wconf 44' lang='lat' dir='ltr'>stpeanoqggugeslpussgqnqp:</span> <span class='ocrx_word' id='word_1_580' title='bbox 509 3905 747 4017; x_wconf 51' lang='lat' dir='ltr'>ebesaintlgfflrlia&#39;.</span> <span class='ocrx_word' id='word_1_581' title='bbox 761 3905 923 4032; x_wconf 53' lang='lat' dir='ltr'>onqueanolps</span> <span class='ocrx_word' id='word_1_582' title='bbox 978 3906 1106 4016; x_wconf 52' lang='lat' dir='ltr'>ggciin&#39;i</span> <span class='ocrx_word' id='word_1_583' title='bbox 1119 3960 1148 4015; x_wconf 92' lang='lat' dir='ltr'>in</span> <span class='ocrx_word' id='word_1_584' title='bbox 1164 3904 1238 4016; x_wconf 55' lang='lat' dir='ltr'>effic</span> <span class='ocrx_word' id='word_1_585' title='bbox 1254 3907 1455 4032; x_wconf 47' lang='lat' dir='ltr'>Esqijtgrrelffltssa</span> <span class='ocrx_word' id='word_1_586' title='bbox 1478 3907 1543 4031; x_wconf 58' lang='grc' dir='ltr'>ιθιιιῗ</span> <span class='ocrx_word' id='word_1_587' title='bbox 1566 3906 1799 4034; x_wconf 52' lang='grc' dir='ltr'>Θῗθίιιοῗιὲιὲἰῗξι·</span> 
     </span>
     <span class='ocr_line' id='line_1_49' title="bbox 100 4030 1800 4108; baseline 0.002 -24"><span class='ocrx_word' id='word_1_588' title='bbox 100 4047 213 4104; x_wconf 82' lang='lat' dir='ltr'>insuper</span> <span class='ocrx_word' id='word_1_589' title='bbox 228 4039 324 4105; x_wconf 85' lang='lat' dir='ltr'>eique</span> <span class='ocrx_word' id='word_1_590' title='bbox 339 4031 607 4100; x_wconf 71' lang='lat' dir='ltr'>Adrianusmagnc</span> <span class='ocrx_word' id='word_1_591' title='bbox 617 4049 649 4088; x_wconf 90' lang='lat' dir='ltr'>sa</span> <span class='ocrx_word' id='word_1_592' title='bbox 663 4036 806 4104; x_wconf 88' lang='lat' dir='ltr'>apparatu</span> <span class='ocrx_word' id='word_1_593' title='bbox 823 4038 924 4088; x_wconf 88' lang='lat' dir='ltr'>contra</span> <span class='ocrx_word' id='word_1_594' title='bbox 978 4030 1053 4088; x_wconf 90' lang='lat' dir='ltr'>simo</span> <span class='ocrx_word' id='word_1_595' title='bbox 1068 4031 1235 4088; x_wconf 81' lang='lat' dir='ltr'>iudeorum</span> <span class='ocrx_word' id='word_1_596' title='bbox 1252 4036 1329 4091; x_wconf 86' lang='lat' dir='ltr'>statu</span> <span class='ocrx_word' id='word_1_597' title='bbox 1346 4037 1375 4090; x_wconf 89' lang='lat' dir='ltr'>et</span> <span class='ocrx_word' id='word_1_598' title='bbox 1389 4032 1465 4090; x_wconf 83' lang='lat' dir='ltr'>felici</span> <span class='ocrx_word' id='word_1_599' title='bbox 1481 4033 1559 4092; x_wconf 83' lang='lat' dir='ltr'>exitu</span> <span class='ocrx_word' id='word_1_600' title='bbox 1577 4032 1711 4108; x_wconf 89' lang='lat' dir='ltr'>periculi,</span> <span class='ocrx_word' id='word_1_601' title='bbox 1724 4039 1757 4088; x_wconf 92' lang='lat' dir='ltr'>ut</span> <span class='ocrx_word' id='word_1_602' title='bbox 1771 4035 1800 4088; x_wconf 88' lang='lat' dir='ltr'>et</span> 
     </span>
     <span class='ocr_line' id='line_1_50' title="bbox 100 4103 1296 4178; baseline 0.001 -19"><span class='ocrx_word' id='word_1_603' title='bbox 100 4117 142 4159; x_wconf 87' lang='lat' dir='ltr'>aas</span> <span class='ocrx_word' id='word_1_604' title='bbox 154 4103 236 4178; x_wconf 87' lang='lat' dir='ltr'>leges</span> <span class='ocrx_word' id='word_1_605' title='bbox 253 4107 471 4162; x_wconf 86' lang='lat' dir='ltr'>instruxerunt.</span> <span class='ocrx_word' id='word_1_606' title='bbox 486 4105 528 4159; x_wconf 73' lang='lat' dir='ltr'>Ac</span> <span class='ocrx_word' id='word_1_607' title='bbox 550 4104 697 4175; x_wconf 75' lang='lat' dir='ltr'>Traianus</span> <span class='ocrx_word' id='word_1_608' title='bbox 713 4103 832 4176; x_wconf 89' lang='lat' dir='ltr'>quidem</span> <span class='ocrx_word' id='word_1_609' title='bbox 855 4107 924 4160; x_wconf 86' lang='lat' dir='ltr'>Per·</span> <span class='ocrx_word' id='word_1_610' title='bbox 978 4103 1091 4160; x_wconf 87' lang='lat' dir='ltr'>Daniel.</span> <span class='ocrx_word' id='word_1_611' title='bbox 1107 4118 1149 4170; x_wconf 88' lang='grc' dir='ltr'>ιιι,</span> <span class='ocrx_word' id='word_1_612' title='bbox 1164 4104 1209 4159; x_wconf 81' lang='grc'>29.</span> <span class='ocrx_word' id='word_1_613' title='bbox 1226 4103 1296 4160; x_wconf 83' lang='grc' dir='ltr'>Ηιι.</span> 
     </span>
     <span class='ocr_line' id='line_1_51' title="bbox 98 4172 1799 4249; baseline -0.001 -19"><span class='ocrx_word' id='word_1_614' title='bbox 98 4174 925 4249; x_wconf 79' lang='lat' dir='ltr'>sarumpotentatumdissolvit,nrmeuiosqusRornano-</span> <span class='ocrx_word' id='word_1_615' title='bbox 1014 4173 1052 4246; x_wconf 85' lang='grc'>(6)</span> <span class='ocrx_word' id='word_1_616' title='bbox 1069 4174 1208 4245; x_wconf 78' lang='lat' dir='ltr'>dispersit.</span> <span class='ocrx_word' id='word_1_617' title='bbox 1226 4176 1317 4232; x_wconf 91' lang='lat' dir='ltr'>idest</span> <span class='ocrx_word' id='word_1_618' title='bbox 1341 4175 1500 4232; x_wconf 78' lang='lat' dir='ltr'>frustratus</span> <span class='ocrx_word' id='word_1_619' title='bbox 1529 4179 1583 4247; x_wconf 88' lang='lat' dir='ltr'>est,</span> <span class='ocrx_word' id='word_1_620' title='bbox 1613 4172 1799 4244; x_wconf 84' lang='lat' dir='ltr'>annihilavit,</span> 
     </span>
     <span class='ocr_line' id='line_1_52' title="bbox 100 4245 1353 4320; baseline 0.002 -20"><span class='ocrx_word' id='word_1_621' title='bbox 100 4263 159 4304; x_wconf 89' lang='lat' dir='ltr'>rum</span> <span class='ocrx_word' id='word_1_622' title='bbox 175 4250 262 4305; x_wconf 85' lang='lat' dir='ltr'>irena</span> <span class='ocrx_word' id='word_1_623' title='bbox 280 4247 428 4319; x_wconf 76' lang='lat' dir='ltr'>subjecit,</span> <span class='ocrx_word' id='word_1_624' title='bbox 444 4245 594 4320; x_wconf 78' lang='lat' dir='ltr'>Scythicas</span> <span class='ocrx_word' id='word_1_625' title='bbox 618 4253 758 4320; x_wconf 84' lang='lat' dir='ltr'>preterea</span> <span class='ocrx_word' id='word_1_626' title='bbox 779 4248 923 4306; x_wconf 90' lang='lat' dir='ltr'>natiames</span> <span class='ocrx_word' id='word_1_627' title='bbox 978 4246 1008 4302; x_wconf 90' lang='lat' dir='ltr'>in</span> <span class='ocrx_word' id='word_1_628' title='bbox 1023 4249 1125 4303; x_wconf 88' lang='lat' dir='ltr'>ventos</span> <span class='ocrx_word' id='word_1_629' title='bbox 1141 4245 1266 4316; x_wconf 77' lang='lat' dir='ltr'>disiecit.</span> <span class='ocrx_word' id='word_1_630' title='bbox 1283 4247 1353 4304; x_wconf 80' lang='lat' dir='ltr'>Hsv.</span> 
     </span>
     <span class='ocr_line' id='line_1_53' title="bbox 100 4315 1799 4392; baseline -0.001 -20"><span class='ocrx_word' id='word_1_631' title='bbox 100 4320 237 4392; x_wconf 88' lang='lat' dir='ltr'>compulit</span> <span class='ocrx_word' id='word_1_632' title='bbox 254 4321 384 4391; x_wconf 87' lang='lat' dir='ltr'>sceptris</span> <span class='ocrx_word' id='word_1_633' title='bbox 399 4319 462 4375; x_wconf 87' lang='lat' dir='ltr'>suis</span> <span class='ocrx_word' id='word_1_634' title='bbox 476 4334 579 4390; x_wconf 89' lang='lat' dir='ltr'>parere</span> <span class='ocrx_word' id='word_1_635' title='bbox 595 4335 602 4376; x_wconf 80' lang='lat' dir='ltr'><em>z</em></span> <span class='ocrx_word' id='word_1_636' title='bbox 619 4319 800 4390; x_wconf 86' lang='lat' dir='ltr'>piscatorum</span> <span class='ocrx_word' id='word_1_637' title='bbox 825 4325 924 4377; x_wconf 90' lang='lat' dir='ltr'>tamen</span> <span class='ocrx_word' id='word_1_638' title='bbox 1013 4317 1053 4388; x_wconf 83' lang='grc'>(7)</span> <span class='ocrx_word' id='word_1_639' title='bbox 1067 4317 1178 4386; x_wconf 71' lang='lat' dir='ltr'>adiecta</span> <span class='ocrx_word' id='word_1_640' title='bbox 1193 4318 1291 4375; x_wconf 84' lang='lat' dir='ltr'>eliam.</span> <span class='ocrx_word' id='word_1_641' title='bbox 1307 4319 1409 4374; x_wconf 84' lang='lat' dir='ltr'>lixetat</span> <span class='ocrx_word' id='word_1_642' title='bbox 1429 4316 1520 4389; x_wconf 76' lang='lat' dir='ltr'>hujus</span> <span class='ocrx_word' id='word_1_643' title='bbox 1543 4317 1583 4374; x_wconf 89' lang='lat' dir='ltr'>irn</span> <span class='ocrx_word' id='word_1_644' title='bbox 1608 4315 1729 4374; x_wconf 84' lang='lat' dir='ltr'>oratoris</span> <span class='ocrx_word' id='word_1_645' title='bbox 1752 4331 1799 4371; x_wconf 91' lang='lat' dir='ltr'>re·</span> 
     </span>
     <span class='ocr_line' id='line_1_54' title="bbox 98 4334 1800 4468; baseline 0 -25"><span class='ocrx_word' id='word_1_646' title='bbox 98 4393 247 4468; x_wconf 90' lang='lat' dir='ltr'>nostrique</span> <span class='ocrx_word' id='word_1_647' title='bbox 264 4390 376 4448; x_wconf 83' lang='lat' dir='ltr'>sutoria</span> <span class='ocrx_word' id='word_1_648' title='bbox 392 4389 470 4462; x_wconf 85' lang='lat' dir='ltr'>leges</span> <span class='ocrx_word' id='word_1_649' title='bbox 484 4390 600 4448; x_wconf 88' lang='lat' dir='ltr'>abolere</span> <span class='ocrx_word' id='word_1_650' title='bbox 615 4407 672 4446; x_wconf 91' lang='lat' dir='ltr'>noa</span> <span class='ocrx_word' id='word_1_651' title='bbox 697 4391 802 4463; x_wconf 86' lang='lat' dir='ltr'>potuit.</span> <span class='ocrx_word' id='word_1_652' title='bbox 818 4391 923 4447; x_wconf 80' lang='lat' dir='ltr'>Adria·</span> <span class='ocrx_word' id='word_1_653' title='bbox 978 4387 1121 4461; x_wconf 89' lang='lat' dir='ltr'>scriptum</span> <span class='ocrx_word' id='word_1_654' title='bbox 1137 4389 1174 4445; x_wconf 88' lang='lat' dir='ltr'>sd</span> <span class='ocrx_word' id='word_1_655' title='bbox 1189 4391 1313 4447; x_wconf 80' lang='lat' dir='ltr'>Asianos</span> <span class='ocrx_word' id='word_1_656' title='bbox 1328 4390 1405 4460; x_wconf 87' lang='lat' dir='ltr'>apud</span> <span class='ocrx_word' id='word_1_657' title='bbox 1422 4390 1526 4446; x_wconf 83' lang='lat' dir='ltr'>Euseh.</span> <span class='ocrx_word' id='word_1_658' title='bbox 1546 4390 1576 4445; x_wconf 91' lang='lat' dir='ltr'>iu</span> <span class='ocrx_word' id='word_1_659' title='bbox 1588 4334 1644 4446; x_wconf 56' lang='lat' dir='ltr'>iic.</span> <span class='ocrx_word' id='word_1_660' title='bbox 1659 4405 1699 4456; x_wconf 83' lang='grc' dir='ltr'>ιι,</span> <span class='ocrx_word' id='word_1_661' title='bbox 1728 4388 1800 4444; x_wconf 76' lang='lat' dir='ltr'>liiii.</span> 
     </span>
     <span class='ocr_line' id='line_1_55' title="bbox 99 4460 1801 4534; baseline 0.001 -19"><span class='ocrx_word' id='word_1_662' title='bbox 99 4475 244 4531; x_wconf 85' lang='lat' dir='ltr'>ansvero,</span> <span class='ocrx_word' id='word_1_663' title='bbox 261 4464 369 4520; x_wconf 89' lang='lat' dir='ltr'>urbem</span> <span class='ocrx_word' id='word_1_664' title='bbox 393 4463 571 4529; x_wconf 80' lang='lat' dir='ltr'>iudeorum,</span> <span class='ocrx_word' id='word_1_665' title='bbox 594 4478 611 4518; x_wconf 89' lang='lat' dir='ltr'>a</span> <span class='ocrx_word' id='word_1_666' title='bbox 635 4461 743 4532; x_wconf 88' lang='lat' dir='ltr'>quibus</span> <span class='ocrx_word' id='word_1_667' title='bbox 767 4463 923 4520; x_wconf 84' lang='lat' dir='ltr'>crucifixus</span> <span class='ocrx_word' id='word_1_668' title='bbox 980 4461 1049 4516; x_wconf 77' lang='lat' dir='ltr'>dact.</span> <span class='ocrx_word' id='word_1_669' title='bbox 1066 4477 1131 4532; x_wconf 89' lang='lat' dir='ltr'>cap.</span> <span class='ocrx_word' id='word_1_670' title='bbox 1148 4461 1191 4524; x_wconf 78' lang='grc'>13,</span> <span class='ocrx_word' id='word_1_671' title='bbox 1208 4463 1284 4534; x_wconf 86' lang='lat' dir='ltr'>qued</span> <span class='ocrx_word' id='word_1_672' title='bbox 1309 4463 1448 4533; x_wconf 88' lang='lat' dir='ltr'>quonism</span> <span class='ocrx_word' id='word_1_673' title='bbox 1476 4461 1708 4534; x_wconf 91' lang='lat' dir='ltr'>longiusculum,</span> <span class='ocrx_word' id='word_1_674' title='bbox 1732 4460 1801 4516; x_wconf 90' lang='lat' dir='ltr'>inde</span> 
     </span>
     <span class='ocr_line' id='line_1_56' title="bbox 99 4514 1800 4608; baseline 0 -21"><span class='ocrx_word' id='word_1_675' title='bbox 99 4539 136 4588; x_wconf 88' lang='lat' dir='ltr'>ast</span> <span class='ocrx_word' id='word_1_676' title='bbox 150 4533 301 4605; x_wconf 89' lang='lat' dir='ltr'>Christus,</span> <span class='ocrx_word' id='word_1_677' title='bbox 317 4537 410 4590; x_wconf 87' lang='lat' dir='ltr'>totam</span> <span class='ocrx_word' id='word_1_678' title='bbox 426 4531 517 4590; x_wconf 88' lang='lat' dir='ltr'>diruit</span> <span class='ocrx_word' id='word_1_679' title='bbox 531 4538 560 4590; x_wconf 92' lang='lat' dir='ltr'>et</span> <span class='ocrx_word' id='word_1_680' title='bbox 583 4535 688 4591; x_wconf 90' lang='lat' dir='ltr'>evertit</span> <span class='ocrx_word' id='word_1_681' title='bbox 703 4551 710 4589; x_wconf 92' lang='lat'><strong>:</strong></span> <span class='ocrx_word' id='word_1_682' title='bbox 727 4536 758 4590; x_wconf 88' lang='lat' dir='ltr'>at</span> <span class='ocrx_word' id='word_1_683' title='bbox 785 4549 846 4602; x_wconf 87' lang='lat' dir='ltr'>eos,</span> <span class='ocrx_word' id='word_1_684' title='bbox 873 4533 923 4608; x_wconf 93' lang='lat' dir='ltr'>qui</span> <span class='ocrx_word' id='word_1_685' title='bbox 939 4514 963 4581; x_wconf 76' lang='lat' dir='ltr'>D</span> <span class='ocrx_word' id='word_1_686' title='bbox 978 4535 1079 4604; x_wconf 89' lang='lat' dir='ltr'>petant</span> <span class='ocrx_word' id='word_1_687' title='bbox 1093 4532 1229 4597; x_wconf 88' lang='lat' dir='ltr'>studiosi,</span> <span class='ocrx_word' id='word_1_688' title='bbox 1245 4533 1274 4589; x_wconf 93' lang='lat' dir='ltr'>in</span> <span class='ocrx_word' id='word_1_689' title='bbox 1291 4533 1348 4588; x_wconf 90' lang='lat' dir='ltr'>llne</span> <span class='ocrx_word' id='word_1_690' title='bbox 1371 4535 1430 4590; x_wconf 78' lang='lat' dir='ltr'>bec</span> <span class='ocrx_word' id='word_1_691' title='bbox 1452 4533 1620 4590; x_wconf 89' lang='lat' dir='ltr'>habentur:</span> <span class='ocrx_word' id='word_1_692' title='bbox 1640 4553 1651 4581; x_wconf 70' lang='grc' dir='ltr'>ι</span> <span class='ocrx_word' id='word_1_693' title='bbox 1668 4532 1749 4598; x_wconf 84' lang='lat' dir='ltr'>Quod</span> <span class='ocrx_word' id='word_1_694' title='bbox 1775 4530 1800 4588; x_wconf 92' lang='lat' dir='ltr'>si</span> 
     </span>
     <span class='ocr_line' id='line_1_57' title="bbox 96 4601 1801 4677; baseline 0.001 -19"><span class='ocrx_word' id='word_1_695' title='bbox 96 4603 122 4658; x_wconf 90' lang='lat' dir='ltr'>in</span> <span class='ocrx_word' id='word_1_696' title='bbox 135 4605 293 4665; x_wconf 87' lang='lat' dir='ltr'>Christum</span> <span class='ocrx_word' id='word_1_697' title='bbox 310 4606 508 4662; x_wconf 87' lang='lat' dir='ltr'>crediderunt.</span> <span class='ocrx_word' id='word_1_698' title='bbox 529 4606 654 4661; x_wconf 84' lang='lat' dir='ltr'>educere</span> <span class='ocrx_word' id='word_1_699' title='bbox 682 4622 699 4662; x_wconf 90' lang='lat' dir='ltr'>a</span> <span class='ocrx_word' id='word_1_700' title='bbox 726 4605 832 4662; x_wconf 87' lang='lat' dir='ltr'>Christi</span> <span class='ocrx_word' id='word_1_701' title='bbox 862 4621 923 4663; x_wconf 90' lang='lat' dir='ltr'>ser·</span> <span class='ocrx_word' id='word_1_702' title='bbox 979 4601 1045 4674; x_wconf 89' lang='lat' dir='ltr'>quis</span> <span class='ocrx_word' id='word_1_703' title='bbox 1060 4603 1193 4676; x_wconf 85' lang='lat' dir='ltr'>persistit</span> <span class='ocrx_word' id='word_1_704' title='bbox 1218 4604 1388 4676; x_wconf 88' lang='lat' dir='ltr'>hujusmodi</span> <span class='ocrx_word' id='word_1_705' title='bbox 1413 4604 1584 4662; x_wconf 86' lang='lat' dir='ltr'>hominibus</span> <span class='ocrx_word' id='word_1_706' title='bbox 1606 4605 1718 4677; x_wconf 89' lang='lat' dir='ltr'>absque</span> <span class='ocrx_word' id='word_1_707' title='bbox 1740 4601 1801 4660; x_wconf 90' lang='lat' dir='ltr'>ullo</span> 
     </span>
     <span class='ocr_line' id='line_1_58' title="bbox 97 4673 1801 4750; baseline 0.001 -20"><span class='ocrx_word' id='word_1_708' title='bbox 97 4677 181 4736; x_wconf 88' lang='lat' dir='ltr'>vituts</span> <span class='ocrx_word' id='word_1_709' title='bbox 194 4695 259 4734; x_wconf 87' lang='lat' dir='ltr'>non</span> <span class='ocrx_word' id='word_1_710' title='bbox 277 4678 384 4750; x_wconf 86' lang='lat' dir='ltr'>potuit.</span> <span class='ocrx_word' id='word_1_711' title='bbox 402 4699 415 4726; x_wconf 77' lang='grc' dir='ltr'>ι</span> <span class='ocrx_word' id='word_1_712' title='bbox 432 4675 502 4732; x_wconf 81' lang='grc' dir='ltr'>Ηιι.</span> <span class='ocrx_word' id='word_1_713' title='bbox 979 4675 1232 4732; x_wconf 89' lang='lat' dir='ltr'>criminemovere</span> <span class='ocrx_word' id='word_1_714' title='bbox 1253 4675 1442 4747; x_wconf 80' lang='lat' dir='ltr'>negotia,ille</span> <span class='ocrx_word' id='word_1_715' title='bbox 1471 4675 1591 4748; x_wconf 91' lang='lat' dir='ltr'>quidem</span> <span class='ocrx_word' id='word_1_716' title='bbox 1620 4673 1801 4750; x_wconf 89' lang='lat' dir='ltr'>quidelatus</span> 
     </span>
     <span class='ocr_line' id='line_1_59' title="bbox 128 4745 1798 4822; baseline -0.001 -18"><span class='ocrx_word' id='word_1_717' title='bbox 128 4747 165 4822; x_wconf 85' lang='grc'>(3)</span> <span class='ocrx_word' id='word_1_718' title='bbox 192 4753 311 4807; x_wconf 80' lang='lat' dir='ltr'>titterae</span> <span class='ocrx_word' id='word_1_719' title='bbox 335 4749 369 4806; x_wconf 87' lang='lat' dir='ltr'>lt.</span> <span class='ocrx_word' id='word_1_720' title='bbox 403 4747 521 4804; x_wconf 80' lang='lat' dir='ltr'>Aurelii.</span> <span class='ocrx_word' id='word_1_721' title='bbox 556 4745 751 4820; x_wconf 84' lang='lat' dir='ltr'>Hieronymus</span> <span class='ocrx_word' id='word_1_722' title='bbox 779 4747 816 4803; x_wconf 90' lang='lat' dir='ltr'>ad</span> <span class='ocrx_word' id='word_1_723' title='bbox 851 4763 919 4804; x_wconf 88' lang='lat' dir='ltr'>ann.</span> <span class='ocrx_word' id='word_1_724' title='bbox 977 4763 1029 4818; x_wconf 91' lang='lat' dir='ltr'>pro</span> <span class='ocrx_word' id='word_1_725' title='bbox 1045 4747 1099 4802; x_wconf 92' lang='lat' dir='ltr'>boc</span> <span class='ocrx_word' id='word_1_726' title='bbox 1115 4748 1233 4805; x_wconf 90' lang='lat' dir='ltr'>nomine</span> <span class='ocrx_word' id='word_1_727' title='bbox 1249 4748 1346 4810; x_wconf 85' lang='lat' dir='ltr'>luerit.</span> <span class='ocrx_word' id='word_1_728' title='bbox 1363 4747 1541 4813; x_wconf 85' lang='lat' dir='ltr'>absolvatur,</span> <span class='ocrx_word' id='word_1_729' title='bbox 1563 4749 1678 4805; x_wconf 90' lang='lat' dir='ltr'>etiamsi</span> <span class='ocrx_word' id='word_1_730' title='bbox 1695 4747 1798 4820; x_wconf 91' lang='lat' dir='ltr'>probe-</span> 
     </span>
     <span class='ocr_line' id='line_1_60' title="bbox 97 4817 1801 4891; baseline 0.002 -18"><span class='ocrx_word' id='word_1_731' title='bbox 97 4817 266 4878; x_wconf 67' lang='lat' dir='ltr'>Christiane</span> <span class='ocrx_word' id='word_1_732' title='bbox 287 4837 350 4878; x_wconf 79' lang='lat' dir='ltr'>aere</span> <span class='ocrx_word' id='word_1_733' title='bbox 377 4817 528 4875; x_wconf 83' lang='lat' dir='ltr'>CLXXIV:</span> <span class='ocrx_word' id='word_1_734' title='bbox 545 4839 559 4869; x_wconf 82' lang='lat' dir='ltr'>a</span> <span class='ocrx_word' id='word_1_735' title='bbox 588 4820 749 4891; x_wconf 85' lang='lat' dir='ltr'>Imperator</span> <span class='ocrx_word' id='word_1_736' title='bbox 777 4819 922 4876; x_wconf 77' lang='lat' dir='ltr'>Antonius</span> <span class='ocrx_word' id='word_1_737' title='bbox 976 4821 1025 4876; x_wconf 91' lang='lat' dir='ltr'>tur</span> <span class='ocrx_word' id='word_1_738' title='bbox 1036 4817 1065 4874; x_wconf 91' lang='lat' dir='ltr'>id</span> <span class='ocrx_word' id='word_1_739' title='bbox 1081 4835 1146 4875; x_wconf 91' lang='lat' dir='ltr'>csse</span> <span class='ocrx_word' id='word_1_740' title='bbox 1161 4820 1239 4891; x_wconf 93' lang='lat' dir='ltr'>quod</span> <span class='ocrx_word' id='word_1_741' title='bbox 1252 4825 1281 4876; x_wconf 90' lang='lat' dir='ltr'>et</span> <span class='ocrx_word' id='word_1_742' title='bbox 1291 4819 1439 4890; x_wconf 81' lang='lat' dir='ltr'>objicitur,</span> <span class='ocrx_word' id='word_1_743' title='bbox 1456 4819 1651 4877; x_wconf 90' lang='lat' dir='ltr'>Christianus.</span> <span class='ocrx_word' id='word_1_744' title='bbox 1664 4821 1690 4876; x_wconf 90' lang='lat' dir='ltr'>ls</span> <span class='ocrx_word' id='word_1_745' title='bbox 1701 4823 1801 4876; x_wconf 87' lang='lat' dir='ltr'>aulem</span> 
     </span>
     <span class='ocr_line' id='line_1_61' title="bbox 98 4889 1801 4970; baseline 0.002 -26"><span class='ocrx_word' id='word_1_746' title='bbox 98 4892 193 4970; x_wconf 77' lang='lat' dir='ltr'>multis</span> <span class='ocrx_word' id='word_1_747' title='bbox 207 4896 373 4950; x_wconf 82' lang='lat' dir='ltr'>adversum</span> <span class='ocrx_word' id='word_1_748' title='bbox 389 4908 420 4948; x_wconf 90' lang='lat' dir='ltr'>se</span> <span class='ocrx_word' id='word_1_749' title='bbox 436 4889 625 4948; x_wconf 87' lang='lat' dir='ltr'>nascentibus</span> <span class='ocrx_word' id='word_1_750' title='bbox 640 4890 725 4947; x_wconf 91' lang='lat' dir='ltr'>bellis</span> <span class='ocrx_word' id='word_1_751' title='bbox 753 4906 830 4963; x_wconf 82' lang='lat' dir='ltr'>seps</span> <span class='ocrx_word' id='word_1_752' title='bbox 857 4891 922 4964; x_wconf 89' lang='lat' dir='ltr'>lpse</span> <span class='ocrx_word' id='word_1_753' title='bbox 976 4889 1025 4962; x_wconf 90' lang='lat' dir='ltr'>qui</span> <span class='ocrx_word' id='word_1_754' title='bbox 1041 4889 1152 4948; x_wconf 89' lang='lat' dir='ltr'>crimen</span> <span class='ocrx_word' id='word_1_755' title='bbox 1167 4892 1309 4954; x_wconf 80' lang='lat' dir='ltr'>obtendit.</span> <span class='ocrx_word' id='word_1_756' title='bbox 1327 4907 1394 4946; x_wconf 88' lang='lat' dir='ltr'>reus</span> <span class='ocrx_word' id='word_1_757' title='bbox 1409 4908 1495 4962; x_wconf 86' lang='lat' dir='ltr'>poena</span> <span class='ocrx_word' id='word_1_758' title='bbox 1509 4891 1614 4963; x_wconf 87' lang='lat' dir='ltr'>ipsius,</span> <span class='ocrx_word' id='word_1_759' title='bbox 1644 4908 1731 4964; x_wconf 88' lang='lat' dir='ltr'>quam</span> <span class='ocrx_word' id='word_1_760' title='bbox 1747 4891 1801 4948; x_wconf 93' lang='lat' dir='ltr'>oh·</span> 
     </span>
     <span class='ocr_line' id='line_1_62' title="bbox 97 4961 1800 5044; baseline 0.002 -28"><span class='ocrx_word' id='word_1_761' title='bbox 97 4968 243 5032; x_wconf 81' lang='lat' dir='ltr'>intererat,</span> <span class='ocrx_word' id='word_1_762' title='bbox 263 4983 303 5020; x_wconf 82' lang='lat' dir='ltr'>sae</span> <span class='ocrx_word' id='word_1_763' title='bbox 326 4964 446 5020; x_wconf 88' lang='lat' dir='ltr'>educes</span> <span class='ocrx_word' id='word_1_764' title='bbox 465 4961 667 5020; x_wconf 88' lang='lat' dir='ltr'>nobilissimos</span> <span class='ocrx_word' id='word_1_765' title='bbox 691 4963 869 5029; x_wconf 84' lang='lat' dir='ltr'>destinebat,</span> <span class='ocrx_word' id='word_1_766' title='bbox 890 4962 920 5018; x_wconf 93' lang='lat' dir='ltr'>in</span> <span class='ocrx_word' id='word_1_767' title='bbox 973 4961 1054 5034; x_wconf 80' lang='lat' dir='ltr'>jecit,</span> <span class='ocrx_word' id='word_1_768' title='bbox 1078 4961 1211 5018; x_wconf 82' lang='lat' dir='ltr'>exsistet.</span> <span class='ocrx_word' id='word_1_769' title='bbox 1238 4984 1252 5013; x_wconf 78' lang='grc' dir='ltr'>ι</span> <span class='ocrx_word' id='word_1_770' title='bbox 1278 4962 1360 5017; x_wconf 76' lang='lat' dir='ltr'>adde</span> <span class='ocrx_word' id='word_1_771' title='bbox 1388 4961 1543 5044; x_wconf 89' lang='lat' dir='ltr'>epistolam</span> <span class='ocrx_word' id='word_1_772' title='bbox 1573 4963 1705 5027; x_wconf 85' lang='lat' dir='ltr'>Adriani.</span> <span class='ocrx_word' id='word_1_773' title='bbox 1755 4979 1800 5019; x_wconf 82' lang='lat' dir='ltr'>uas</span> 
     </span>
     <span class='ocr_line' id='line_1_63' title="bbox 97 4980 1802 5107; baseline 0.002 -20"><span class='ocrx_word' id='word_1_774' title='bbox 97 5035 198 5102; x_wconf 88' lang='lat' dir='ltr'>quibus</span> <span class='ocrx_word' id='word_1_775' title='bbox 214 4983 324 5094; x_wconf 45' lang='lat' dir='ltr'>semei]</span> <span class='ocrx_word' id='word_1_776' title='bbox 327 5035 481 5102; x_wconf 86' lang='lat' dir='ltr'>Pertinaci,</span> <span class='ocrx_word' id='word_1_777' title='bbox 497 5039 526 5089; x_wconf 89' lang='lat' dir='ltr'>et</span> <span class='ocrx_word' id='word_1_778' title='bbox 538 5033 757 5106; x_wconf 86' lang='lat' dir='ltr'>excercitui‚qui</span> <span class='ocrx_word' id='word_1_779' title='bbox 774 5048 840 5090; x_wconf 90' lang='lat' dir='ltr'>cum</span> <span class='ocrx_word' id='word_1_780' title='bbox 852 5035 922 5091; x_wconf 90' lang='lat' dir='ltr'>eoin</span> <span class='ocrx_word' id='word_1_781' title='bbox 977 5050 1043 5090; x_wconf 85' lang='lat' dir='ltr'>mos</span> <span class='ocrx_word' id='word_1_782' title='bbox 1059 5033 1343 5106; x_wconf 80' lang='lat' dir='ltr'>representabimur.</span> <span class='ocrx_word' id='word_1_783' title='bbox 1360 5035 1391 5088; x_wconf 89' lang='lat' dir='ltr'>iu</span> <span class='ocrx_word' id='word_1_784' title='bbox 1407 5032 1456 5089; x_wconf 82' lang='lat' dir='ltr'>illo</span> <span class='ocrx_word' id='word_1_785' title='bbox 1476 5034 1629 5107; x_wconf 84' lang='lat' dir='ltr'>Rescripta</span> <span class='ocrx_word' id='word_1_786' title='bbox 1652 5052 1719 5092; x_wconf 91' lang='lat' dir='ltr'>vero</span> <span class='ocrx_word' id='word_1_787' title='bbox 1735 4980 1802 5091; x_wconf 47' lang='lat' dir='ltr'>‘bu-</span> 
     </span>
     <span class='ocr_line' id='line_1_64' title="bbox 97 5102 1801 5186; baseline 0.002 -27"><span class='ocrx_word' id='word_1_788' title='bbox 97 5106 265 5186; x_wconf 68' lang='lat' dir='ltr'>Quadorum</span> <span class='ocrx_word' id='word_1_789' title='bbox 282 5107 399 5174; x_wconf 78' lang='lat' dir='ltr'>regione</span> <span class='ocrx_word' id='word_1_790' title='bbox 413 5106 574 5179; x_wconf 78' lang='lat' dir='ltr'>pugnabat,</span> <span class='ocrx_word' id='word_1_791' title='bbox 590 5105 639 5160; x_wconf 89' lang='lat' dir='ltr'>siti</span> <span class='ocrx_word' id='word_1_792' title='bbox 654 5121 806 5177; x_wconf 86' lang='lat' dir='ltr'>oppresso,</span> <span class='ocrx_word' id='word_1_793' title='bbox 823 5105 923 5177; x_wconf 81' lang='lat' dir='ltr'>pluvia</span> <span class='ocrx_word' id='word_1_794' title='bbox 976 5106 1039 5162; x_wconf 91' lang='lat' dir='ltr'>relii</span> <span class='ocrx_word' id='word_1_795' title='bbox 1052 5105 1126 5161; x_wconf 88' lang='lat' dir='ltr'>laiso</span> <span class='ocrx_word' id='word_1_796' title='bbox 1142 5107 1260 5177; x_wconf 87' lang='lat' dir='ltr'>ponitur</span> <span class='ocrx_word' id='word_1_797' title='bbox 1274 5102 1420 5162; x_wconf 88' lang='lat' dir='ltr'>absolutio</span> <span class='ocrx_word' id='word_1_798' title='bbox 1444 5105 1612 5162; x_wconf 86' lang='lat' dir='ltr'>Christiani.</span> <span class='ocrx_word' id='word_1_799' title='bbox 1643 5105 1694 5162; x_wconf 90' lang='lat' dir='ltr'>lile</span> <span class='ocrx_word' id='word_1_800' title='bbox 1722 5107 1801 5163; x_wconf 86' lang='lat' dir='ltr'>enirn</span> 
     </span>
     <span class='ocr_line' id='line_1_65' title="bbox 96 5176 1800 5246; baseline 0.003 -17"><span class='ocrx_word' id='word_1_801' title='bbox 96 5177 232 5237; x_wconf 80' lang='lat' dir='ltr'>divinitus</span> <span class='ocrx_word' id='word_1_802' title='bbox 250 5180 345 5236; x_wconf 89' lang='lat' dir='ltr'>missa</span> <span class='ocrx_word' id='word_1_803' title='bbox 369 5183 413 5234; x_wconf 90' lang='lat' dir='ltr'>est</span> <span class='ocrx_word' id='word_1_804' title='bbox 429 5195 436 5234; x_wconf 87' lang='lat'>:</span> <span class='ocrx_word' id='word_1_805' title='bbox 453 5195 519 5233; x_wconf 90' lang='lat' dir='ltr'>cum</span> <span class='ocrx_word' id='word_1_806' title='bbox 546 5194 562 5233; x_wconf 89' lang='lat' dir='ltr'>e</span> <span class='ocrx_word' id='word_1_807' title='bbox 589 5178 735 5234; x_wconf 89' lang='lat' dir='ltr'>contrario</span> <span class='ocrx_word' id='word_1_808' title='bbox 761 5182 922 5234; x_wconf 81' lang='lat' dir='ltr'>Germanos</span> <span class='ocrx_word' id='word_1_809' title='bbox 976 5193 1035 5234; x_wconf 91' lang='lat' dir='ltr'>non</span> <span class='ocrx_word' id='word_1_810' title='bbox 1050 5176 1266 5246; x_wconf 85' lang='lat' dir='ltr'>absolvebatur,</span> <span class='ocrx_word' id='word_1_811' title='bbox 1283 5178 1307 5232; x_wconf 92' lang='lat' dir='ltr'>si</span> <span class='ocrx_word' id='word_1_812' title='bbox 1330 5181 1499 5232; x_wconf 88' lang='lat' dir='ltr'>constanter</span> <span class='ocrx_word' id='word_1_813' title='bbox 1520 5179 1607 5234; x_wconf 88' lang='lat' dir='ltr'>iidem</span> <span class='ocrx_word' id='word_1_814' title='bbox 1623 5179 1800 5244; x_wconf 83' lang='lat' dir='ltr'>detenderet,</span> 
     </span>
     <span class='ocr_line' id='line_1_66' title="bbox 96 5246 1798 5324; baseline 0.002 -22"><span class='ocrx_word' id='word_1_815' title='bbox 96 5255 120 5302; x_wconf 86' lang='lat' dir='ltr'>et</span> <span class='ocrx_word' id='word_1_816' title='bbox 134 5251 291 5308; x_wconf 85' lang='lat' dir='ltr'>Sarmatas</span> <span class='ocrx_word' id='word_1_817' title='bbox 306 5249 429 5307; x_wconf 82' lang='lat' dir='ltr'>fulmins</span> <span class='ocrx_word' id='word_1_818' title='bbox 444 5253 700 5321; x_wconf 84' lang='lat' dir='ltr'>persequerentur.</span> <span class='ocrx_word' id='word_1_819' title='bbox 725 5253 754 5306; x_wconf 91' lang='lat' dir='ltr'>et</span> <span class='ocrx_word' id='word_1_820' title='bbox 777 5250 922 5321; x_wconf 90' lang='lat' dir='ltr'>plurimos</span> <span class='ocrx_word' id='word_1_821' title='bbox 976 5251 1026 5306; x_wconf 91' lang='lat' dir='ltr'>sed</span> <span class='ocrx_word' id='word_1_822' title='bbox 1039 5250 1207 5305; x_wconf 87' lang='lat' dir='ltr'>necabatur.</span> <span class='ocrx_word' id='word_1_823' title='bbox 1224 5256 1256 5304; x_wconf 92' lang='lat' dir='ltr'>ut</span> <span class='ocrx_word' id='word_1_824' title='bbox 1279 5252 1359 5320; x_wconf 84' lang='lat' dir='ltr'>patet</span> <span class='ocrx_word' id='word_1_825' title='bbox 1373 5246 1504 5317; x_wconf 85' lang='lat' dir='ltr'>exemplo</span> <span class='ocrx_word' id='word_1_826' title='bbox 1530 5250 1695 5323; x_wconf 79' lang='lat' dir='ltr'>appellanti</span> <span class='ocrx_word' id='word_1_827' title='bbox 1720 5251 1798 5324; x_wconf 89' lang='lat' dir='ltr'>apud</span> 
     </span>
     <span class='ocr_line' id='line_1_67' title="bbox 96 5315 1801 5402; baseline 0.004 -29"><span class='ocrx_word' id='word_1_828' title='bbox 96 5333 192 5402; x_wconf 76' lang='lat' dir='ltr'>eptam</span> <span class='ocrx_word' id='word_1_829' title='bbox 211 5319 667 5380; x_wconf 79' lang='lat' dir='ltr'>interficerentllxstantlittere</span> <span class='ocrx_word' id='word_1_830' title='bbox 684 5315 923 5393; x_wconf 83' lang='lat' dir='ltr'>M.Aurelligra·</span> <span class='ocrx_word' id='word_1_831' title='bbox 978 5321 1113 5377; x_wconf 83' lang='lat' dir='ltr'>eurndern</span> <span class='ocrx_word' id='word_1_832' title='bbox 1129 5320 1300 5386; x_wconf 78' lang='lat' dir='ltr'>Eusebium,</span> <span class='ocrx_word' id='word_1_833' title='bbox 1315 5321 1386 5376; x_wconf 82' lang='lat' dir='ltr'>Hist.</span> <span class='ocrx_word' id='word_1_834' title='bbox 1403 5321 1473 5376; x_wconf 83' lang='lat' dir='ltr'>Eccl.</span> <span class='ocrx_word' id='word_1_835' title='bbox 1490 5339 1514 5376; x_wconf 94' lang='lat' dir='ltr'>v.</span> <span class='ocrx_word' id='word_1_836' title='bbox 1531 5323 1576 5377; x_wconf 84' lang='lat'>21.</span> <span class='ocrx_word' id='word_1_837' title='bbox 1606 5323 1801 5381; x_wconf 81' lang='lat' dir='ltr'>etvidsreest</span> 
     </span>
     <span class='ocr_line' id='line_1_68' title="bbox 95 5391 1801 5464; baseline 0.005 -20"><span class='ocrx_word' id='word_1_838' title='bbox 95 5395 204 5451; x_wconf 74' lang='lat' dir='ltr'>tissimi</span> <span class='ocrx_word' id='word_1_839' title='bbox 223 5391 650 5464; x_wconf 83' lang='lat' dir='ltr'>imperatoris.quihusiliam</span> <span class='ocrx_word' id='word_1_840' title='bbox 666 5391 869 5449; x_wconf 86' lang='lat' dir='ltr'>Germanicam</span> <span class='ocrx_word' id='word_1_841' title='bbox 886 5391 924 5450; x_wconf 93' lang='lat' dir='ltr'>si·</span> <span class='ocrx_word' id='word_1_842' title='bbox 977 5393 1053 5463; x_wconf 93' lang='lat' dir='ltr'>apud</span> <span class='ocrx_word' id='word_1_843' title='bbox 1070 5391 1240 5458; x_wconf 75' lang='lat' dir='ltr'>heraldum,</span> <span class='ocrx_word' id='word_1_844' title='bbox 1267 5397 1371 5450; x_wconf 89' lang='lat' dir='ltr'>atuon</span> <span class='ocrx_word' id='word_1_845' title='bbox 1401 5391 1485 5448; x_wconf 86' lang='lat' dir='ltr'>laeile</span> <span class='ocrx_word' id='word_1_846' title='bbox 1509 5395 1714 5463; x_wconf 87' lang='lat' dir='ltr'>accusabatur,</span> <span class='ocrx_word' id='word_1_847' title='bbox 1739 5409 1801 5452; x_wconf 90' lang='lat' dir='ltr'>me·</span> 
     </span>
     <span class='ocr_line' id='line_1_69' title="bbox 99 5463 1801 5535; baseline 0.003 -19"><span class='ocrx_word' id='word_1_848' title='bbox 99 5464 145 5520; x_wconf 91' lang='lat' dir='ltr'>tim</span> <span class='ocrx_word' id='word_1_849' title='bbox 160 5466 401 5524; x_wconf 84' lang='lat' dir='ltr'>Christianarum</span> <span class='ocrx_word' id='word_1_850' title='bbox 412 5465 485 5521; x_wconf 81' lang='lat' dir='ltr'>torte</span> <span class='ocrx_word' id='word_1_851' title='bbox 500 5463 628 5522; x_wconf 88' lang='lat' dir='ltr'>militum</span> <span class='ocrx_word' id='word_1_852' title='bbox 641 5463 924 5535; x_wconf 88' lang='lat' dir='ltr'>precationibusim·</span> <span class='ocrx_word' id='word_1_853' title='bbox 976 5466 1077 5520; x_wconf 89' lang='lat' dir='ltr'>tuente</span> <span class='ocrx_word' id='word_1_854' title='bbox 1092 5463 1220 5521; x_wconf 89' lang='lat' dir='ltr'>delatore</span> <span class='ocrx_word' id='word_1_855' title='bbox 1237 5463 1430 5520; x_wconf 87' lang='lat' dir='ltr'>certissimam</span> <span class='ocrx_word' id='word_1_856' title='bbox 1451 5481 1577 5534; x_wconf 82' lang='lat' dir='ltr'>paenam,</span> <span class='ocrx_word' id='word_1_857' title='bbox 1601 5467 1656 5524; x_wconf 87' lang='lat' dir='ltr'>Sed</span> <span class='ocrx_word' id='word_1_858' title='bbox 1679 5466 1710 5522; x_wconf 90' lang='lat' dir='ltr'>in</span> <span class='ocrx_word' id='word_1_859' title='bbox 1735 5467 1801 5522; x_wconf 88' lang='lat' dir='ltr'>istis</span> 
     </span>
     <span class='ocr_line' id='line_1_70' title="bbox 96 5534 1799 5610; baseline -0.001 -18"><span class='ocrx_word' id='word_1_860' title='bbox 96 5540 202 5602; x_wconf 82' lang='lat' dir='ltr'>patrato</span> <span class='ocrx_word' id='word_1_861' title='bbox 227 5537 322 5593; x_wconf 89' lang='lat' dir='ltr'>imbri</span> <span class='ocrx_word' id='word_1_862' title='bbox 351 5537 516 5593; x_wconf 87' lang='lat' dir='ltr'>discussam</span> <span class='ocrx_word' id='word_1_863' title='bbox 551 5539 687 5592; x_wconf 89' lang='lat' dir='ltr'>testatur.</span> <span class='ocrx_word' id='word_1_864' title='bbox 719 5557 734 5587; x_wconf 79' lang='lat' dir='ltr'>c</span> <span class='ocrx_word' id='word_1_865' title='bbox 763 5538 805 5592; x_wconf 83' lang='lat' dir='ltr'>sd</span> <span class='ocrx_word' id='word_1_866' title='bbox 834 5553 921 5609; x_wconf 87' lang='lat' dir='ltr'>quern</span> <span class='ocrx_word' id='word_1_867' title='bbox 978 5534 1137 5606; x_wconf 85' lang='lat' dir='ltr'>Rescriptis</span> <span class='ocrx_word' id='word_1_868' title='bbox 1152 5534 1246 5593; x_wconf 91' lang='lat' dir='ltr'>multa</span> <span class='ocrx_word' id='word_1_869' title='bbox 1262 5535 1342 5592; x_wconf 85' lang='lat' dir='ltr'>lrsus</span> <span class='ocrx_word' id='word_1_870' title='bbox 1357 5534 1534 5592; x_wconf 88' lang='lat' dir='ltr'>dominatur.</span> <span class='ocrx_word' id='word_1_871' title='bbox 1552 5539 1699 5610; x_wconf 86' lang='lat' dir='ltr'>ltaqus,ut</span> <span class='ocrx_word' id='word_1_872' title='bbox 1713 5537 1799 5592; x_wconf 88' lang='lat' dir='ltr'>Plinii</span> 
     </span>
     <span class='ocr_line' id='line_1_71' title="bbox 96 5605 1796 5680; baseline 0 -21"><span class='ocrx_word' id='word_1_873' title='bbox 96 5605 187 5666; x_wconf 89' lang='lat' dir='ltr'>locam</span> <span class='ocrx_word' id='word_1_874' title='bbox 204 5610 331 5666; x_wconf 87' lang='lat' dir='ltr'>omnine</span> <span class='ocrx_word' id='word_1_875' title='bbox 345 5608 636 5680; x_wconf 82' lang='lat' dir='ltr'>videndusScaligcr.</span> <span class='ocrx_word' id='word_1_876' title='bbox 652 5611 682 5664; x_wconf 89' lang='lat' dir='ltr'>et</span> <span class='ocrx_word' id='word_1_877' title='bbox 692 5607 837 5677; x_wconf 79' lang='lat' dir='ltr'>judicium</span> <span class='ocrx_word' id='word_1_878' title='bbox 858 5609 923 5680; x_wconf 85' lang='lat' dir='ltr'>ejus</span> <span class='ocrx_word' id='word_1_879' title='bbox 978 5606 1304 5679; x_wconf 83' lang='lat' dir='ltr'>uterverbisexinsigni</span> <span class='ocrx_word' id='word_1_880' title='bbox 1317 5606 1366 5664; x_wconf 90' lang='lat' dir='ltr'>illo</span> <span class='ocrx_word' id='word_1_881' title='bbox 1378 5607 1685 5679; x_wconf 79' lang='lat' dir='ltr'>Panegyricoi&#39;rajano</span> <span class='ocrx_word' id='word_1_882' title='bbox 1709 5607 1796 5662; x_wconf 88' lang='lat' dir='ltr'>dicto:</span> 
     </span>
     <span class='ocr_line' id='line_1_72' title="bbox 98 5675 1797 5754; baseline 0.001 -22"><span class='ocrx_word' id='word_1_883' title='bbox 98 5677 129 5734; x_wconf 90' lang='lat' dir='ltr'>de</span> <span class='ocrx_word' id='word_1_884' title='bbox 141 5680 312 5754; x_wconf 80' lang='lat' dir='ltr'>suppositis</span> <span class='ocrx_word' id='word_1_885' title='bbox 327 5697 391 5751; x_wconf 89' lang='lat' dir='ltr'>quas</span> <span class='ocrx_word' id='word_1_886' title='bbox 408 5679 499 5753; x_wconf 75' lang='lat' dir='ltr'>hujus</span> <span class='ocrx_word' id='word_1_887' title='bbox 525 5679 713 5751; x_wconf 84' lang='lat' dir='ltr'>imperatoris</span> <span class='ocrx_word' id='word_1_888' title='bbox 740 5680 860 5736; x_wconf 88' lang='lat' dir='ltr'>nomine</span> <span class='ocrx_word' id='word_1_889' title='bbox 887 5681 921 5735; x_wconf 90' lang='lat' dir='ltr'>ad</span> <span class='ocrx_word' id='word_1_890' title='bbox 979 5701 993 5730; x_wconf 82' lang='lat' dir='ltr'>a</span> <span class='ocrx_word' id='word_1_891' title='bbox 1011 5682 1046 5734; x_wconf 76' lang='lat' dir='ltr'>at</span> <span class='ocrx_word' id='word_1_892' title='bbox 1060 5683 1103 5740; x_wconf 87' lang='lat' dir='ltr'>tu.</span> <span class='ocrx_word' id='word_1_893' title='bbox 1119 5679 1224 5746; x_wconf 83' lang='lat' dir='ltr'>Cesar,</span> <span class='ocrx_word' id='word_1_894' title='bbox 1240 5696 1329 5752; x_wconf 90' lang='lat' dir='ltr'>quam</span> <span class='ocrx_word' id='word_1_895' title='bbox 1345 5675 1500 5750; x_wconf 87' lang='lat' dir='ltr'>pulchrum</span> <span class='ocrx_word' id='word_1_896' title='bbox 1515 5676 1715 5750; x_wconf 88' lang='lat' dir='ltr'>spectaculum</span> <span class='ocrx_word' id='word_1_897' title='bbox 1734 5691 1797 5734; x_wconf 89' lang='lat' dir='ltr'>mo·</span> 
     </span>
     <span class='ocr_line' id='line_1_73' title="bbox 98 5747 1798 5827; baseline -0.001 -22"><span class='ocrx_word' id='word_1_898' title='bbox 98 5752 179 5811; x_wconf 80' lang='lat' dir='ltr'>linem</span> <span class='ocrx_word' id='word_1_899' title='bbox 207 5750 788 5827; x_wconf 79' lang='lat' dir='ltr'>apologeticilustinicircumferuntur,</span> <span class='ocrx_word' id='word_1_900' title='bbox 815 5768 845 5825; x_wconf 93' lang='lat' dir='ltr'>p.</span> <span class='ocrx_word' id='word_1_901' title='bbox 871 5752 925 5808; x_wconf 82' lang='lat'>222</span> <span class='ocrx_word' id='word_1_902' title='bbox 978 5749 1025 5808; x_wconf 93' lang='lat' dir='ltr'>bis</span> <span class='ocrx_word' id='word_1_903' title='bbox 1040 5749 1210 5824; x_wconf 86' lang='lat' dir='ltr'>exhibuisti,</span> <span class='ocrx_word' id='word_1_904' title='bbox 1225 5767 1293 5809; x_wconf 92' lang='lat' dir='ltr'>aum</span> <span class='ocrx_word' id='word_1_905' title='bbox 1318 5749 1441 5821; x_wconf 83' lang='lat' dir='ltr'>contigit</span> <span class='ocrx_word' id='word_1_906' title='bbox 1467 5750 1594 5820; x_wconf 89' lang='lat' dir='ltr'>desuper</span> <span class='ocrx_word' id='word_1_907' title='bbox 1615 5747 1724 5804; x_wconf 89' lang='lat' dir='ltr'>intueri</span> <span class='ocrx_word' id='word_1_908' title='bbox 1748 5749 1798 5807; x_wconf 87' lang='lat' dir='ltr'>de·</span> 
     </span>
    </p>
   </div>
   <div class='ocr_carea' id='block_1_10' title="bbox 0 0 2030 6182">
    <p class='ocr_par' dir='ltr' id='par_1_12' title="bbox 0 0 2030 6182">
     <span class='ocr_line' id='line_1_74' title="bbox 0 0 2030 6182; baseline 0 0"><span class='ocrx_word' id='word_1_909' title='bbox 0 0 2030 6182; x_wconf 95' lang='lat' dir='ltr'> </span> 
     </span>
    </p>
   </div>
  </div>
 </body>
</html>
