4046 6172
119 313 175 372 ur
674 322 971 385 aromonrioos
993 321 1088 384 inv.
1111 321 1277 384 usuras.
1340 305 1344 315 “
1767 321 1828 384 ιιι

117 445 231 504 curium
251 453 384 507 mortuos
408 452 537 510 oaumrio
551 453 779 513 examinantem.
806 455 941 512 Vidimus
955 471 984 540 Α
998 455 1034 511 de
1058 457 1227 526 contempte
1249 451 1353 528 utique
1375 457 1540 526 censentur,
1564 457 1625 512 tam
1648 470 1750 512 eorum
1773 471 1827 526 uui

115 541 140 591 et
153 535 238 592 lovis
264 539 383 596 fratrem
406 540 601 613 gladiatorum
627 543 854 601 cadaverosum
870 543 944 601 mal·
1000 543 1145 615 aJusmodi
1164 543 1307 609 factitant,
1324 559 1413 616 quam
1438 560 1539 600 eorum
1556 544 1663 616 quibua
1679 543 1824 600 factitant.

113 623 154 680 leo
178 625 388 683 deducentem.
414 630 459 700 (54
481 631 603 703 Singula
625 631 684 690 ista
706 649 827 705 queque
849 633 944 690 adbuc
998 633 1053 688 Sed
1068 630 1181 688 ludicra
1196 630 1253 687 iata
1277 637 1356 688 sunt.
1380 631 1519 688 Ceterum
1544 632 1569 688 ai
1593 632 1742 703 adjiciam,
1759 648 1825 704 que

113 710 293 786 investigare
309 715 376 788 quis
392 719 510 789 possit?
533 720 562 776 Si
577 721 718 778 bonorem
733 723 811 778 8⁰8
828 721 944 794 inquie-
999 735 1058 776 non
1076 719 1174 775 minus
1190 719 1375 776 conscientie
1401 719 1533 777 omnium
1559 725 1777 792 recognoscent,
1794 720 1823 776 in

110 803 172 855 tent
185 801 362 876 divinitatis,
374 805 400 860 si
416 808 580 878 mejestatis
591 809 715 883 vestigia
725 809 898 867 obsolebant
909 809 943 880 ³⁷,
998 807 1117 881 templis
1132 809 1189 881 (55)
1204 807 1590 880 adultariooomponi,inler
1604 826 1671 865 arae
1681 808 1825 866 lenocinia

827 917 929 979 Varias
950 915 1111 978 lectiones.

112 1013 250 1141 maffia.
266 1019 293 1072 et
307 1017 375 1073 Meu.
389 1031 405 1074 e
419 1017 478 1074 eod.
493 1019 576 1076 ratu.
592 1038 602 1077 .·
617 1022 781 1095 mejestatis
795 1021 947 1096 festigium
963 1021 1109 1091 adsolant,
1123 1022 1168 1078 itti
1181 1023 1265 1078 etiam
1279 1022 1412 1093 scriptam
1424 1022 1455 1078 ta
1471 1019 1520 1078 tit.
1536 1025 1560 1078 l.
1574 1023 1610 1078 ed
1625 1023 1688 1079 flat.
1703 1040 1763 1096 cop.
1779 1026 1823 1082 iu.

838 1174 1101 1241 Commentarius.

108 1270 282 1352 supposuit·
294 1287 422 1355 arsuro,
437 1275 487 1358 qui
509 1280 592 1334 amne
607 1294 677 1336 snos
701 1283 729 1336 et
750 1297 854 1337 neruos
880 1295 943 1336 ore·
998 1279 1035 1334 At
1048 1294 1115 1336 vero
1131 1277 1271 1350 quoniam

108 1357 184 1396 mari
201 1357 237 1398 ao
254 1343 375 1400 dissolvi
396 1345 479 1414 vidit,
495 1348 547 1420 qui
571 1367 640 1406 ossa
652 1352 718 1422 ejus
732 1369 766 1408 ao
781 1353 894 1408 cineres
911 1352 941 1407 in

108 1412 180 1468 Oeta
204 1421 308 1495 monte
329 1414 472 1544 eeBelivit.
490 1440 505 1469 a
530 1422 633 1494 ltaque
657 1424 730 1481 false
753 1425 892 1480 irridetur
905 1423 941 1478 ab

107 1484 278 1568 &calepio
304 1488 333 1542 in
379 1488 478 1569 telepte
500 1493 578 1562 apud
594 1494 716 1562 Lucian,
732 1499 761 1551 et
783 1498 943 1552 frustratur

107 1571 200 1627 priori
218 1556 294 1624 loeo,
315 1563 347 1613 ut
361 1575 456 1616 serius
481 1571 627 1622 mortuus.
653 1567 810 1632 Lucienus,
826 1567 888 1640 ipse
903 1566 944 1624 ita

108 1627 310 1710 &puledium
337 1629 473 1688 inducit:
490 1629 527 1686 Ei
543 1631 642 1710 λὲγεις,
658 1642 725 1707 otc,
748 1638 767 1695 i.
784 1655 809 1694 a.
827 1663 841 1690 ι
858 1639 943 1695 Recte

107 1699 195 1768 dieis,
215 1714 357 1770 qnoniam
377 1709 406 1758 et
421 1703 592 1784 'inustionas
607 1714 673 1764 tuas
698 1710 807 1778 curavi,
824 1711 942 1783 quando

108 1770 198 1841 paulo
215 1776 286 1853 ante
309 1772 469 1832 ascendisti
493 1777 529 1832 ad
545 1796 598 1836 nos
625 1780 861 1853 semiustulatus,
878 1798 943 1838 cor·

109 1857 179 1922 pore
207 1847 368 1925 utrimque¹
384 1855 522 1918 corrupto
546 1856 575 1906 et
601 1852 724 1922 perdito,
745 1861 813 1909 eta
842 1855 944 1909 tunica

109 1917 177 1980 ista,
196 1918 229 1968 et
243 1918 311 2038 gost
330 1920 454 1973 etiamn
476 1918 606 1979 flamme.
623 1944 637 1973 ν
655 1924 748 1980 Litem
764 1925 876 1981 dirimit
889 1927 941 1980 lu·

108 1983 186 2054 piter
204 1984 240 2053 ju
266 2000 319 2065 ens
341 1987 430 2114 Briori
455 1989 517 2046 loco
533 1994 706 2050 accumbere
730 1995 941 2070 AEsculapium,

109 2071 166 2110 non
185 2062 221 2110 nt
236 2072 320 2127 prius

367 2074 435 2115 eum
451 2060 580 2133 laetum3
606 2067 657 2122 sed
672 2071 705 2122 ut
727 2066 859 2144 πρότερον
874 2067 941 2122 drio-

108 2125 238 2183 θανόντα.
254 2127 329 2182 Hau.

108 2249 174 2331 timi
192 2249 388 2321 gladiatores,
405 2253 455 2310 sed
472 2254 531 2313 fere
546 2257 565 2312 li
582 2259 632 2331 qui
647 2277 681 2317 ex
696 2263 860 2332 spectaculo
878 2280 941 2319 me·

108 2324 210 2376 lutino
228 2326 266 2402 οοι
294 2322 441 2404 bestiariis
469 2326 576 2400 reliqui
603 2333 671 2388 facti
700 2339 795 2405 orant,
824 2335 941 2406 uiribus,

110 2407 255 2474 quamvis
271 2392 381 2451 bestias
396 2398 568 2466 evasissent,
586 2408 683 2460 tamen
699 2405 801 2461 missio
816 2424 872 2462 uon
888 2408 940 2462 da-

108 2464 212 2542 batur,
230 2468 311 2545 inter
333 2481 364 2520 se
390 2469 468 2549 enim
493 2473 753 2532 committebantur
777 2486 842 2550 post
855 2495 942 2549 pran-

108 2535 191 2590 dum
210 2534 248 2588 ad
258 2541 488 2596 internecionem
498 2545 569 2598 nudi
579 2546 614 2600 ad
625 2553 749 2606 mortem
759 2552 941 2619 concursuri,

108 2605 278 2662 nefandum
295 2607 432 2690 humanis
447 2613 538 2669 oeulis
554 2622 767 2690 spectaculum,
780 2622 943 2693 meritoque

109 2678 256 2758 aienses
271 2685 461 2752 exagitatum.
477 2683 518 2741 lle
533 2685 580 2743 hie
594 2689 659 2745 vide
671 2691 699 2745 ni
723 2693 798 2748 siuni
816 2693 846 2748 in
861 2710 942 2764 egre·

109 2764 156 2874 im
174 2747 230 2804 illo
245 2752 402 2820 opusculo,
421 2758 498 2824 quod
522 2757 674 2831 inscripsit
694 2709 781 2819 §iem
799 2764 942 2820 Satumot.

112 2835 186 2946 etz
199 2835 230 2958 ⁰13
246 2819 500 2952 reule
515 2835 834 2963 irrutilasse·
848 2836 942 2978 litu

112 2963 153 3043 Ma
169 2961 230 3017 hoc
243 2977 312 3018 vero
327 2966 413 3046 unico
437 2970 606 3028 Tertulliani
631 2973 694 3032 loco
709 2994 868 3049 possumus
883 2977 943 3035 col·

112 3032 220 3105 ligere,
237 3034 317 3105 quod
340 3053 363 3092 si
388 3038 432 3094 vel
454 3041 527 3096 nulli
551 3044 595 3100 vel
621 3049 704 3117 pauci
729 3065 764 3104 ex
790 3049 945 3106 matutinis

112 3105 371 3186 depugnatoriboe
386 3111 612 3183 superfuissent,
623 3119 694 3175 talia
709 3119 738 3174 in
755 3121 945 3178 cadaveribus

112 3183 204 3231 etiam
224 3175 317 3233 fuisse
331 3189 505 3260 perpetrate.
522 3185 593 3243 Hav.

146 3247 207 3328 (54)
238 3248 405 3306 Mercurium
432 3265 553 3312 mortuos
575 3261 697 3316 scalmo
725 3263 942 3319 examinantem.

110 3318 185 3374 forre
206 3317 328 3402 fratrem
341 3325 482 3381 cadavere
501 3343 566 3384 rum
588 3330 691 3389 malleo
704 3332 894 3390 deiicientem.
911 3339 946 3390 Et

110 3387 262 3444 Mercurio
289 3396 319 3472 et
347 3392 415 3459 Diti,
439 3412 491 3453 een
524 3399 647 3467 Plutoni,
673 3402 782 3477 virgam

110 3458 217 3515 Poetae.
243 3466 363 3519 Animas
387 3472 486 3524 autem
511 3469 561 3528 ille
584 3473 763 3545 deducebat;
780 3477 835 3532 iste
856 3479 943 3533 oada-

109 3547 188 3612 uera.
207 3531 315 3604 ltaque
337 3552 387 3606 per
398 3539 499 3608 jocum
526 3548 554 3598 et
578 3546 681 3614 risum,
698 3548 749 3618 qui
766 3549 944 3605 Mercurium

113 3603 264 3686 induerat,
276 3612 407 3690 mortuos
418 3611 588 3683 explorabat
596 3617 678 3690 virga
693 3619 785 3674 ferrea
796 3620 944 3688 candenti,

112 3672 168 3729 hoo
184 3675 231 3729 illi
247 3683 423 3758 cauterium,
439 3685 603 3742 excitandis
617 3689 783 3746 animarum
801 3691 945 3763 reliquiis,

112 3742 329 3827 languentibus
344 3750 456 3808 fortean
472 3761 500 3810 et
536 3757 617 3826 igris.
630 3762 683 3827 Oui
700 3777 765 3817 vero
780 3762 946 3828 Plutonem,

114 3830 179 3871 eum
197 3834 283 3944 virga
296 3820 416 3892 quidem
441 3773 604 3895 incessebat,
624 3833 674 3888 sed
701 3837 815 3889 armate
829 3834 947 3904 malleo,

114 3903 172 4012 gno
187 3889 246 3944 faci
261 3907 308 3972 ιιιι
324 3898 526 3968 contunderet,
538 3901 563 3955 si
580 3904 649 3972 quid
664 3905 768 3960 animai
783 3905 902 3962 latentia
916 3907 946 3960 in

115 3957 174 4038 ilis
189 3959 391 4032 gladiatorum
417 3983 434 4021 a
459 3985 556 4041 pugna
572 3976 730 4031 recentium
757 3978 947 4033 cadaveribus

115 4033 341 4114 intereundum
359 4037 430 4094 forte
453 4042 617 4100 rebellaret.
633 4045 768 4104 Melicum
785 4054 814 4104 ct
836 4049 947 4105 clavam

115 4101 205 4188 Greci
224 4097 337 4188 ράὅδιν,
353 4115 455 4165 vocant
470 4117 499 4168 et
514 4113 649 4190 πάρτηκα,
664 4121 718 4174 oto.
738 4119 801 4175 ltro.
822 4152 853 4162 —
877 4120 948 4176 cau·

116 4176 186 4255 ferio
198 4185 419 4258 Quantam.
436 4184 503 4248 Oua
520 4193 617 4256 partes
632 4189 775 4245 Mercurio
790 4191 948 4258 dabantur,

115 4261 183 4314 qnia
200 4245 284 4328 illius
299 4255 361 4305 eret
377 4252 581 4312 defunctorum
599 4262 712 4316 animas
728 4263 763 4318 sd
780 4263 875 4320 tristia
890 4269 948 4318 tar·

115 4319 179 4371 tara
196 4321 328 4402 mittere,
345 4324 423 4393 quod
440 4326 547 4398 dogma
562 4333 594 4384 ut
607 4331 831 4404 Pythagoricum
847 4335 947 4402 etiam,

115 4389 165 4442 sed
185 4395 365 4460 restrictius,
379 4405 509 4454 recenset
523 4399 658 4459 Laertius
673 4403 701 4458 in
714 4405 780 4461 Vita
796 4408 860 4476 ejus
877 4422 883 4460 :
900 4405 950 4459 Τὸν

116 4453 144 4508 δὲ
166 4459 289 4532 'Eppium
313 4463 413 4536 reples
436 4465 504 4522 aloru
528 4473 582 4524 τῶν
607 4474 704 4550 ψυχῶν
728 4475 775 4531 καὶ
801 4473 845 4532 διὰ
868 4481 949 4531 τοῦτο

116 4532 236 4599 Πομπαα
263 4529 399 4606 isaacum,
428 4537 473 4592 καὶ
502 4539 629 4615 Πιλαῖον,
658 4545 703 4600 καὶ
730 4547 853 4618 Χθυνιον,
877 4547 950 4603 ἐπει-

116 4593 207 4674 δηπιρ
236 4601 318 4686 abac<
344 4604 498 4681 εἰσπέμπει,
529 4619 596 4686 θνα,
625 4618 645 4672 i.
674 4635 700 4674 e.
728 4641 743 4670 a
775 4622 950 4676 Mercurium

118 4685 206 4740 porro
225 4688 391 4734 animarum
411 4689 586 4751 quaestorem
610 4705 686 4755 esse,
702 4694 791 4762 atque
812 4692 877 4748 ideo
895 4695 950 4748 liu·

119 4750 232 4798 ctorem
248 4746 317 4817 diei,
340 4749 501 4810 ianitorem
527 4761 556 4813 et
580 4759 752 4830 Terrenum,
777 4764 855 4835 quod
878 4763 904 4820 is
918 4781 990 4849 exD

118 4815 351 4900 corporibus,·et
364 4837 399 4879 ex
415 4828 501 4894 terra,
525 4835 553 4884 et
569 4832 641 4886 mari
668 4833 783 4890 animas
797 4834 948 4902 immittat,

118 4889 147 4963 et
162 4901 256 4955 purae
268 4891 390 4978 quidem
397 4901 486 4968 atque
498 4907 636 4971 purgatas
650 4901 679 4959 in
691 4906 838 4962 excelsum
849 4908 948 4972 ducat,

119 4970 255 5038 impuras
266 4976 333 5044 vero
348 4964 408 5050 illis
419 4985 454 5024 ne
467 4975 841 5046 appropinquarcquidem,
855 4994 950 5050 neque

118 5041 244 5110 invicem
265 5033 323 5089 sibi
339 5051 430 5117 ipsis,
448 5047 585 5099 caeterum
607 5047 709 5102 vinciri
725 5064 743 5103 a
758 5050 852 5106 Furiis
867 5050 950 5106 inso-

118 5096 265 5158 lubilibus
280 5109 415 5165 nexibus.
433 5112 584 5172 »Plurimi
602 5135 669 5174 vero
684 5121 817 5176 omnium
834 5123 949 5177 anima·

120 5185 186 5252 rum
212 5188 315 5232 curam
342 5181 484 5262 Mercurio
511 5186 656 5245 dicarunt.
682 5189 826 5262 Lepidum
854 5201 951 5250 exsut

119 5239 320 5323 Epigramma,
343 5247 394 5307 lib.
413 5271 442 5309 ir.
458 5256 575 5314 nntbol.
601 5261 734 5317 Nicarobi
758 5263 787 5318 iri
805 5265 950 5336 Zopyrum

119 5314 452 5401 medicumenumerat
463 5329 542 5384 enini
556 5333 671 5389 animas
687 5333 724 5390 ali
750 5342 800 5392 uot
814 5354 889 5408 quas
906 5353 951 5392 irie

119 5385 175 5439 sub
191 5389 312 5467 tristitia
338 5399 449 5452 tartara
475 5399 566 5462 misit,
583 5403 714 5476 nihilque
738 5412 850 5462 antrum
867 5408 951 5476 dicit,

118 5471 261 5524 qnoniam
277 5465 311 5518 ut
325 5463 487 5526 Mercurius
502 5473 630 5531 caduceo
641 5482 668 5532 el
683 5476 828 5535 talaribus
844 5480 953 5536 instru-

120 5531 263 5657 cdtggiteoe
285 5551 360 5607 quoe
385 5541 531 5600 curandos
556 5549 696 5632 suscepit,
712 5550 748 5605 ad
773 5551 883 5608 inferos
897 5553 951 5608 dc·

121 5721 260 5815 Κῃῆὑκιαν
273 5728 325 5803 *gip
339 5723 412 5809 ἔχων
428 5733 549 5809 ξύλινον,
561 5739 606 5795 καὶ
621 5740 729 5800 adseri
744 5742 853 5818 aidila,

186 5797 226 5857 Ως
249 5797 341 5873 lippa<
353 5808 462 5882 κατάγει
477 5809 541 5875 τοὺς
555 5812 799 5891 θεραπευομενους.

1045 1404 1163 1468 Corpora
1176 1403 1239 1453 riva
1252 1403 1327 1454 nefas
1342 1403 1433 1469 Stygia
1447 1405 1554 1453 sectere
1569 1403 1667 1466 carina,

998 1525 1160 1584 Mercurius
1179 1528 1262 1609 prius
1285 1527 1414 1583 aaumrio
1437 1544 1474 1582 an
1499 1531 1576 1582 recto
1590 1532 1690 1584 essent
1713 1531 1823 1586 mortui

998 1600 1163 1656 examinate
1178 1598 1427 1654 introducebatur.
1445 1597 1538 1653 Aldus
1552 1601 1684 1656 cauteiae.
1701 1599 1770 1657 Hir.
1788 1633 1821 1644 -

996 1672 1073 1728 fevia
1085 1673 1213 1741 fratrem.
1238 1669 1370 1726 illustrat
1393 1670 1471 1726 bunc
1487 1669 1583 1725 locum
1607 1669 1658 1726 lib.
1675 1671 1784 1728 adflat.
1803 1691 1821 1740 i,

999 1743 1041 1810 10,
1068 1743 1118 1796 ubi
1142 1742 1184 1797 ita
1206 1743 1394 1814 concipitur:
1413 1742 1522 1806 «Quod
1548 1741 1598 1796 llis
1622 1746 1717 1808 Pater,
1740 1745 1821 1800 lovis

998 1815 1086 1869 trater
1099 1812 1295 1884 gladiatorum
1311 1813 1466 1884 exsequias
1488 1827 1556 1867 curn
1573 1813 1677 1869 malleo
1692 1815 1821 1885 deducit,

996 1884 1074 1957 quod
1090 1883 1261 1952 Mercurius,
1277 1884 1306 1939 in
1322 1883 1436 1940 calvitio
1452 1883 1678 1956 peniiatulus,in
1695 1887 1821 1944 caduceo

997 1955 1149 2030 ignitulus,
1167 1972 1287 2027 corpora
1302 1956 1468 2012 exanimata
1479 1956 1542 2026 jam
1555 1961 1713 2013 mortemve
1728 1960 1821 2015 simu·

957 2027 1089 2106 Biantis
1103 2044 1119 2084 e
1134 2027 1262 2084 cauterio
1285 2027 1397 2100 probat.
1415 2049 1429 2077 a
1453 2028 1536 2082 Unde
1552 2031 1631 2099 patet
1653 2031 1821 2085 extremita-

997 2103 1057 2156 tem
1073 2099 1191 2155 caducei
1216 2098 1343 2172 ignitum
1364 2102 1393 2155 et
1407 2099 1580 2154 candentem
1606 2098 1673 2154 buic
1695 2101 1821 2156 crudeli·

998 2172 1050 2227 tati
1060 2170 1243 2227 inserviissc:
1253 2174 1322 2226 utet
1333 2169 1547 2226 rectededacere
1558 2186 1623 2226 essa
1635 2170 1820 2229 retinendum

996 2249 1099 2298 contra
1111 2241 1234 2298 lunium
1250 2243 1373 2314 quivult
1386 2241 1528 2309 diducere,
1562 2243 1618 2297 uod
1633 2247 1663 2297 et
1678 2245 1821 2312 probabat

996 2313 1133 2387 Scaliger.
1150 2315 1185 2370 Et
1199 2313 1267 2369 hino
1286 2311 1408 2440 intelligi
1425 2319 1519 2385 potest
1533 2258 1666 2368 annania
1680 2313 1721 2368 illi
1738 2316 1820 2371 mimi

997 2391 1026 2441 et
1051 2390 1153 2458 gestus
1180 2384 1343 2454 histrionis,
1394 2389 1574 2440 amonstrato
1603 2388 1718 2449 sonato,
1748 2385 1819 2441 illud

998 2457 1218 2530 pronuntiantis
1241 2458 1317 2527 apud
1342 2461 1460 2512 sueton.
1486 2456 1516 2510 in
1541 2458 1661 2524 Nerone,
1681 2471 1743 2528 cap.
1760 2458 1820 2513 39:

998 2551 1012 2580 ι
1028 2533 1118 2584 Orcus
1133 2528 1215 2584 vobis
1234 2527 1316 2583 ducit
1330 2528 1455 2599 pedes.»
1484 2527 1562 2582 Licet
1577 2529 1655 2582 enim
1671 2528 1821 2584 diduceret

998 2599 1095 2656 forsan
1110 2598 1159 2656 illa
1183 2598 1324 2654 cadavera
1338 2599 1421 2654 Pluto
1444 2598 1652 2654 contundendo
1666 2599 1748 2671 virge
1767 2617 1822 2656 aua

998 2670 1145 2741 malleato,
1162 2674 1259 2726 tamen
1276 2672 1357 2741 prius
1382 2669 1504 2742 pedibus
1520 2674 1635 2742 arrepta
1650 2669 1820 2726 dedocebat.

997 2743 1088 2798 Credo
1103 2759 1217 2798 scenam
1235 2742 1299 2797 ideo
1324 2747 1572 2814 representatum,
1589 2742 1657 2812 quia
1673 2741 1823 2814 fingebant

997 2813 1072 2941 lnihil
1088 2814 1180 2880 nostri
1203 2812 1260 2869 nisi
1277 2817 1378 2870 tenues
1394 2813 1514 2868 umbras
1543 2813 1670 2884 quadam
1686 2819 1715 2869 et
1729 2813 1821 2870 simu·

1010 2902 1087 2952 acra,

1246 2998 1331 3048 Modie
1346 2997 1472 3062 pallentia
1489 2997 1571 3047 miris.

998 3147 1171 3258 permanare
1185 3132 1221 3187 ad
1237 3131 1354 3188 Orcum.
1369 3131 1435 3187 Jam
1457 3147 1522 3186 vero
1537 3131 1620 3187 Pluto
1635 3147 1701 3187 cum
1717 3130 1822 3189 melleo

1012 3203 1055 3259 uit
1078 3203 1274 3272 introductus,
1298 3205 1434 3274 quitum
1458 3203 1507 3258 diu
1533 3202 1667 3258 nitideet
1690 3204 1824 3276 saginata

999 3275 1056 3330 ista
1069 3275 1264 3347 gladiatorum
1278 3289 1409 3347 corpora,
1422 3275 1581 3344 presertim
1593 3274 1618 3330 si
1634 3273 1739 3329 anime
1751 3276 1820 3345 quid

1000 3347 1161 3402 acauterio
1186 3345 1320 3402 Mercurii
1347 3345 1451 3401 fuisset
1471 3346 1628 3402 excitatum
1652 3350 1681 3401 et
1705 3345 1822 3403 latentis

808 3405 980 3474 tribuuniss
999 3418 1122 3490 spiritus
1145 3423 1308 3488 appareret,
1333 3417 1479 3482 tunderet,
1504 3422 1601 3500 atque,
1626 3423 1659 3471 ut
1681 3418 1823 3475 aurifabri

1001 3489 1131 3556 metalla,
1147 3490 1306 3554 diduceret,
1321 3489 1414 3544 donec
1434 3488 1507 3543 rubii
1522 3488 1578 3544 nisi
1600 3493 1696 3545 traina
1709 3489 1822 3561 figure,

1000 3565 1034 3616 ut
1049 3577 1115 3616 cum
1132 3559 1230 3616 Persio
1244 3559 1357 3632 loquar,
1375 3560 1521 3631 reliquum
1542 3565 1629 3624 esset,
1646 3561 1722 3629 quod
1739 3577 1823 3685 arpy-

1001 3633 1061 3687 dite
1084 3631 1252 3688 Plutonium
1279 3647 1366 3687 suum
1383 3647 1504 3702 regnum
1531 3632 1631 3686 subire
1653 3639 1760 3700 posset.
1802 3632 1828 3688 ir

1000 3705 1107 3759 doctus
1123 3704 1172 3774 qui
1191 3703 1286 3758 locum
1305 3703 1383 3758 bunc
1395 3703 1540 3772 corrigere
1560 3703 1621 3759 vult
1635 3702 1665 3756 in
1681 3704 1827 3774 operosis·

1001 3774 1076 3831 simo
1092 3777 1182 3848 Antip.
1208 3777 1282 3830 Rom.
1299 3774 1413 3839 lexico,
1428 3773 1574 3830 infelicem
1600 3774 1718 3830 adhibet
1735 3776 1826 3830 medi·

1001 3848 1108 3912 cinam,
1125 3845 1265 3918 quoniam
1292 3861 1349 3900 non
1377 3845 1502 3900 contulit
1526 3844 1698 3900 Tertulliani
1720 3845 1828 3903 librum

1001 3917 1036 4045 {ild
1050 3918 1188 3988 raciones,
1209 3933 1261 3973 nec
1285 3917 1431 3972 constanti
1458 3933 1529 3972 mss.
1548 3916 1664 3972 lectioni
1692 3919 1827 3974 attendit.

1042 4007 1070 4044 v.

1027 4008 1095 4131 Δ(55)
1109 4061 1141 4115 fa
1155 4058 1275 4142 templis.
1298 4057 1445 4141 Expressit
1459 4057 1513 4114 boo
1537 4073 1653 4141 quoque
1669 4057 1827 4125 Minucius,

1004 4133 1081 4258 luti
1095 4130 1206 4258 ,ill
1221 4129 1829 4283 ullu.ututeit⁰utttl²3⁹i..tlu

1003 4279 1052 4330 tur
1076 4270 1230 4334 lenocinia,
1257 4271 1400 4327 adulteria
1422 4219 1829 4344 meditanturifraquentius

1004 4343 1131 4416 denique
1146 4345 1174 4399 in
1191 4344 1363 4400 aedituorum
1378 4343 1504 4412 cellulis,
1515 4360 1605 4415 quani
1617 4345 1644 4398 in
1661 4344 1734 4416 ipsis
1747 4345 1830 4416 lupa·

1004 4417 1127 4473 naribus
1155 4417 1282 4486 flagrans
1314 4415 1403 4471 libido
1433 4417 1615 4486 defungitur.
1647 4436 1660 4464 a
1688 4415 1761 4470 Vide
1788 4415 1830 4472 ibi

1004 4488 1266 4556 illmenborstium,
1282 4496 1309 4542 et
1323 4487 1401 4543 notis
1415 4489 1480 4558 ejus
1494 4489 1569 4544 addc
1582 4486 1636 4542 boc
1652 4485 1745 4542 Ovidii
1756 4486 1807 4544 lib.
1820 4505 1830 4544 1

1005 4559 1037 4615 de
1052 4561 1119 4616 Arte
1132 4558 1255 4624 amandi,
1273 4574 1359 4615 versu
1370 4559 1417 4614 77.

1053 4694 1107 4742 Nee
1120 4692 1182 4754 fuge
1195 4691 1302 4742 Niliaco
1317 4691 1487 4755 Memphitica
1500 4705 1574 4741 noers
1588 4691 1722 4742 turenae.

1083 4754 1180 4804 Multas
1193 4754 1239 4805 illa
1253 4753 1322 4814 facit,
1338 4754 1409 4818 quod
1424 4754 1474 4804 fuit
1489 4754 1546 4818 ipsa
1560 4753 1627 4804 lovi.

1003 4889 1118 4947 Scilicet
1134 4893 1166 4946 nt
1180 4889 1257 4944 idern
1271 4887 1314 4943 eit
1327 4887 1378 4944 lib.
1392 4904 1433 4954 ui,
1448 4889 1511 4945 635.

1051 5015 1114 5064 Cuia
1130 5010 1226 5061 sedent
1239 5009 1342 5060 Pharias
1357 5011 1441 5062 sistris
1456 5015 1566 5074 operata
1578 5011 1726 5074 Juvencai

1081 5077 1192 5136 Quoque
1207 5074 1247 5122 aiii
1264 5076 1374 5123 comites
1387 5075 1426 5123 ire
1438 5078 1571 5136 vetentur,
1587 5075 1652 5124 eat?

1050 5139 1115 5187 Cum
1131 5137 1206 5200 fugat
1220 5150 1235 5184 a
1249 5137 1357 5198 templis
1372 5136 1464 5187 oculos
1475 5138 1546 5186 bona
1559 5137 1625 5185 Dira
1640 5135 1781 5186 virorumi

1083 5201 1264 5262 Praeterquam
1278 5198 1301 5247 si
1315 5211 1383 5262 quoe
1397 5199 1444 5249 illa
1466 5201 1558 5250 venire
1570 5199 1657 5262 jubet.

1004 5321 1079 5372 Note
1091 5329 1157 5370 varo
1172 5311 1312 5368 orationis
1325 5314 1526 5384 gradationem
1542 5311 1685 5386 stampiis
1700 5312 1736 5366 ad
1753 5329 1832 5382 aras,

1004 5388 1041 5443 ab
1056 5385 1116 5442 aris
1131 5385 1166 5440 ad
1183 5383 1371 5440 tabernacula
1394 5386 1579 5453 edituorom,
1596 5387 1663 5442 inde
1678 5384 1714 5440 ad
1732 5383 1831 5454 ipsum

1005 5473 1123 5516 sacrum
1138 5457 1271 5512 habitum
1288 5454 1363 5511 sacri
1388 5473 1424 5512 ue
1448 5458 1745 5521 administrationem,
1759 5457 1832 5512 dum

1005 5532 1075 5587 data
1092 5527 1173 5602 puris
1187 5527 1270 5598 rpuasi
1295 5471 1434 5584 maniiiue
1449 5529 1537 5586 thura
1560 5531 1664 5586 ardent
1680 5527 1708 5583 in
1727 5527 1832 5608 foculo.

1005 5603 1081 5660 Nota
1104 5604 1149 5656 eat
1172 5597 1296 5655 historia
1318 5597 1421 5669 Clodii,
1446 5600 1496 5674 qui
1520 5618 1638 5658 uxorein
1664 5597 1786 5653 Caesaris
1802 5615 1831 5651 in

1006 5673 1099 5732 sacris
1124 5672 1208 5728 Bone
1231 5669 1296 5726 Dee
1319 5668 1441 5738 vitiavit,
1467 5689 1519 5728 nec
1538 5667 1683 5728 dissimile
1709 5666 1832 5738 factum,

1005 5742 1217 5819 propterquod
1233 5739 1284 5798 uri
1308 5739 1352 5796 ira
1367 5745 1468 5798 contra
1484 5742 1625 5798 familiam
1641 5737 1684 5793 uti
1707 5751 1832 5796 accensa

1006 5824 1061 5893 est,
1078 5818 1216 5874 narratur
1231 5815 1242 5870 1
1257 5813 1402 5870 Samuelis
1418 5830 1450 5883 n,
1465 5815 1510 5868 22.
1527 5813 1596 5869 Ηιν.
