4134 6184
228 285 306 350 4443
457 367 461 376 .
493 275 758 342 ructuantem
780 273 941 337 eruetur
961 273 1061 336 PARS
1082 275 1314 338 1.-suutus
1337 278 1361 352 l,
1383 276 1663 344 statunculus.
1836 285 1903 350 4444

225 419 301 476 tium
323 417 531 489 imperatorem
556 415 591 470 de
614 411 734 485 syriano
755 409 833 465 haud
858 408 946 464 dubie
966 407 1091 480 Chri-A
1139 417 1295 482 potatorem
1321 419 1386 468 cate
1413 420 1528 469 mutem
1554 421 1581 470 et
1608 413 1770 487 apotheosim
1785 415 1856 472 mam
1870 398 1905 474 tt'

226 510 323 566 stianc
336 506 397 563 hec
413 504 532 578 scripsit
549 519 556 560 :
573 497 787 577 Μαρτυρόμονος
811 497 861 566 τήν
885 495 935 564 σὴν
960 515 1052 567 easq-
1142 497 1218 537 cere.

227 596 297 671 piar,
313 605 390 652 tuum
404 599 570 651 contestatus
597 593 713 647 satutem
736 588 887 657 (Athenas.
917 586 997 658 Apol.
1012 587 1053 643 cd
1141 587 1228 644 Nulla
1246 592 1324 645 certa
1348 591 1441 662 major
1455 581 1517 647 erat
1531 591 1714 663 perversitas,
1729 608 1808 665 qaam
1823 595 1904 667 genti-

228 687 316 744 Ccust.
328 701 394 758 pag.
411 685 473 740 310.
488 688 559 738 tom.
573 681 605 754 l),
628 677 775 752 pollicitus
792 681 837 732 est
852 692 883 732 se
898 674 971 731 nibil
983 691 1051 730 con·
1105 675 1248 748 lium,qui
1259 677 1433 734 Christianis
1444 679 1539 736 dia'am
1554 678 1629 736 lassa
1646 681 1799 754 majestatis
1811 681 1904 739 idcirco

226 777 411 833 turbaturum
430 770 569 844 amplius,
585 770 635 826 sed
653 762 852 839 tongamajori
867 763 1052 820 solemnitate
1106 766 1284 832 scribebant,
1308 768 1387 840 quod
1416 767 1610 841 imperatores
1642 771 1712 827 dece
1737 787 1841 837 vocare,
1864 777 1907 828 ant

108 919 112 927 .
227 882 289 924 rem
305 865 340 921 ad
358 861 596 935 ejusdelaturum
609 853 1051 929 religionemlnCarthaginensi
1106 853 1213 910 divinis
1237 855 1352 912 allicere
1375 856 1536 913 honoribus
1562 857 1647 930 plane
1662 864 1830 916 recusarent.
1843 864 1905 916 Nam

226 959 324 1013 autem
336 947 690 1010 collationeuarcsltinus
706 961 805 1002 comes
820 945 937 1000 eosdem
953 959 1051 1000 sacra·
1106 948 1138 998 ut
1152 944 1224 1000 scite
1238 943 1440 1002 Tertullianus
1455 947 1552 1020 arguit
1568 963 1575 1003 ε
1595 967 1606 996 ι
1622 947 1713 1021 Negat
1727 948 1803 1004 illum
1818 949 1906 1022 [impe

227 1048 324 1102 meato
339 1057 403 1098 sese
418 1041 464 1097 bie
480 1039 578 1095 verbis
592 1035 749 1092 obstrinxit
765 1051 772 1090 ε
789 1055 804 1086 a
819 1033 884 1089 Sive
899 1048 966 1088 cum
982 1031 1050 1101 alic,

224 1135 284 1190 sire
299 1132 380 1189 solue
395 1131 426 1186 in
441 1130 497 1185 hcc
513 1125 628 1200 negotio
641 1124 828 1196 judicaturus
843 1122 964 1188 intereo,
976 1119 1050 1177 nihil

223 1221 303 1280 aliud
315 1219 438 1292 malalai
450 1219 527 1291 quod
539 1214 729 1288 allegationes
741 1212 867 1284 partium
878 1213 1050 1268 examinatae

223 1312 373 1383 potuerint
388 1309 635 1373 demonstrarent
647 1301 725 1375 qnod
740 1300 799 1357 veri
813 1301 955 1356 invenerit
966 1299 1050 1368 tides,

224 1417 276 1474 per
291 1397 465 1456 admirabile
480 1394 651 1468 mysterium
666 1391 829 1462 Trinitatis,
846 1406 898 1462 per
913 1389 1049 1444 incarna-

225 1488 315 1546 tionis
330 1484 486 1544 Dominice
502 1485 730 1550 sacramentum,
746 1487 773 1535 et
792 1495 844 1552 par
859 1478 984 1535 salutem
999 1494 1050 1532 su·

227 1595 280 1652 pra
295 1580 525 1634 memoratorum
541 1570 707 1645 principum
732 1567 860 1642 [lionorii
877 1570 906 1623 et
919 1566 1052 1622 Theodo-

228 1667 275 1742 sii]
299 1663 497 1738 ludicatarum
521 1677 567 1717 me
583 1676 647 1716 csse
665 1659 804 1732 promitto
818 1677 833 1708 a
853 1655 962 1729 (Callet.
982 1659 1052 1711 {lur-

1104 1035 1253 1105 ratnrcm],
1283 1033 1334 1107 qui
1354 1035 1441 1091 deum
1470 1035 1550 1091 dicit.
1580 1035 1642 1093 Nini
1670 1038 1765 1105 borno,
1794 1054 1846 1094 non
1872 1043 1909 1093 ast

1105 1122 1266 1194 imperator
1292 1123 1455 1196 clTartull.
1480 1124 1618 1198 Apclcpet.
1634 1143 1698 1199 cap.
1720 1127 1765 1193 33,
1790 1144 1818 1199 p.
1842 1127 1904 1192 449).

1106 1210 1232 1267 lnllciari
1242 1212 1319 1268 caim
1333 1213 1400 1285 quis
1411 1216 1517 1286 potest,
1526 1229 1561 1270 ex
1572 1218 1653 1288 patre
1664 1231 1697 1271 ac
1706 1219 1795 1271 matrs
1808 1215 1909 1272 homine

1105 1299 1237 1372 genitum
1262 1301 1468 1372 imperatorem
1490 1318 1554 1360 esse
1578 1319 1635 1359 non
1660 1319 1746 1376 posse
1760 1305 1851 1370 deum,
1865 1304 1906 1376 qui

1105 1395 1232 1444 aternus
1247 1389 1286 1445 sit
1299 1389 1419 1445 omuino
1434 1391 1570 1462 oportet?
1593 1391 1751 1449 Christiani
1769 1409 1840 1466 ergo,
1868 1385 1908 1464 qui

1106 1478 1297 1534 t'oedissimam
1323 1478 1516 1548 ethnicorum,
1544 1478 1735 1552 imperatores
1757 1498 1823 1538 suos
1852 1482 1909 1538 dens

1105 1564 1328 1640 appellantium,
1345 1568 1545 1625 adulationem
1570 1570 1674 1627 merito
1699 1570 1908 1638 detestabantur,

1105 1672 1163 1712 non
1189 1661 1324 1728 poterant
1347 1655 1422 1714 lesa
1451 1658 1617 1730 majestatis
1644 1658 1778 1716 humana
1800 1657 1909 1716 hanccb

226 1757 308 1830 thorp.
323 1759 395 1826 past.
412 1752 500 1824 Optat.
520 1749 570 1806 lib.
585 1764 652 1822 pag,
668 1747 742 1819 484).
761 1745 845 1804 Vides
861 1761 932 1801 sane
947 1743 1051 1817 quanti
1066 1779 1090 1844 Β
1105 1759 1224 1800 cansam
1241 1744 1277 1800 ab
1294 1744 1353 1799 ullo
1369 1745 1524 1817 postulari.

226 1844 367 1902 momenti
383 1843 423 1898 sit
439 1841 495 1898 hoc
509 1841 737 1896 sacramentum.
753 1835 831 1908 quod
847 1833 962 1891 duobus
974 1833 1051 1902 aliis,

225 1933 334 2007 quibus
350 1930 424 1988 nihil
440 1929 585 1985 sacratius
601 1941 664 1983 esse
680 1928 804 1999 poterat,
821 1925 850 1979 in
866 1922 975 1980 celabri
990 1921 1053 1996 epi-

224 2038 381 2095 scoporum
391 2023 468 2076 caetu
484 2016 683 2091 conjungitur.
697 2014 782 2069 Plura
793 2017 891 2069 autem
907 2011 1052 2083 buiusJ'u·

222 2110 382 2184 rislurandi
398 2108 458 2165 sire
482 2106 512 2162 in
528 2105 665 2180 publicis,
692 2103 752 2158 sire
766 2102 796 2157 in
813 2101 934 2175 privatis
952 2103 1052 2172 rebus,

224 2205 253 2258 et
267 2200 478 2272 imperatorum
490 2195 606 2268 legibus
620 2189 796 2262 confirmati,
812 2189 944 2262 exempla
960 2189 1055 2246 omni·

224 2291 281 2346 hus
296 2287 369 2344 satis
384 2286 469 2343 obvia
484 2283 592 2356 saepius
603 2285 762 2338 occurrunt
772 2279 982 2352 (GodThecdcs.
996 2278 1051 2350 leg.

223 2377 323 2434 viride
337 2377 414 2432 Pcct.
438 2382 465 2430 et
480 2371 642 2443 Transeat).
658 2369 736 2425 Nihil
754 2370 853 2440 itaqua
869 2385 886 2424 a
900 2367 985 2423 nobie
1001 2368 1055 2423 ad·

1141 1832 1318 1898 Quinetiam
1333 1833 1533 1892 Tertullianus
1544 1834 1734 1893 celeberrimo
1748 1834 1910 1908 triumphan-

1105 1921 1144 1979 tis
1158 1922 1346 1996 imperatoris
1359 1923 1492 1996 exemplo
1507 1925 1651 1993 ethnicos,
1668 1925 1718 1998 qui
1731 1924 1810 1981 illum
1823 1941 1910 1980 venera

1106 2011 1195 2068 deum
1219 2015 1439 2084 consueverant,
1455 2013 1621 2085 turpissimi
1646 2014 1789 2072 mendacii
1808 2014 1910 2085 apertis·
2013 2053 2014 2092 7

1107 2101 1182 2157 sime
1209 2101 1365 2158 convincit.
1396 2101 1511 2158 lltenim
1538 2102 1569 2158 in
1593 2102 1648 2160 hon
1669 2118 1784 2160 summo
1797 2103 1912 2158 humane
2013 2151 2014 2176 ¹

1107 2189 1206 2263 gloria
1222 2189 1314 2262 apice,
1330 2189 1391 2246 sire
1406 2195 1439 2246 nt
1452 2189 1502 2247 ille
1516 2190 1660 2264 loquitur,
1685 2213 1700 2242 a
1716 2191 1746 2247 in
1767 2189 1912 2264 [triumphil
2013 2181 2014 2200 ¹

1108 2279 1152 2335 sui
1183 2277 1400 2334 sublimissimo
1426 2295 1526 2346 curru,
1541 2279 1726 2338 infirmitatis
1747 2296 1804 2337 suas
1827 2280 1910 2336 adma-

1108 2372 1202 2425 aatur.
1214 2367 1387 2440 Suggeritur
1399 2369 1477 2424 anim
1492 2369 1518 2424 ei
1534 2385 1551 2425 a
1564 2373 1646 2443 terge
1659 2387 1667 2426 z
1681 2369 1798 2442 Respice
1811 2373 1870 2440 post
1879 2371 1911 2432 te,

112 2520 116 2532 ,
222 2466 397 2540 )ἱοῐοο4ιιιῃ,
418 2462 475 2519 nisi
498 2459 740 2534 antiquissimum
764 2459 866 2514 1044
882 2471 944 2512 οοοο
964 2455 1053 2512 dandi
1107 2455 1257 2513 hominem
1274 2461 1301 2512 te
1318 2463 1463 2514 memento
1485 2479 1499 2508 a
1521 2457 1629 2529 (itta).
1649 2459 1739 2516 Tacet
1754 2463 1844 2515 autem
1858 2455 1911 2530 quis

225 2556 314 2628 hujus
330 2553 507 2610 sacramenti
522 2566 644 2620 morem,
660 2552 692 2603 In
709 2547 802 2604 sacris
818 2546 966 2618 siqnidem
981 2543 1053 2602 Scri·
1107 2546 1194 2601 tuerit
1207 2544 1267 2613 ille,
1283 2546 1331 2618 qni
1354 2544 1418 2602 hab
1435 2546 1631 2620 subgerebal3
1661 2546 1740 2605 haud
1762 2546 1843 2603 dubia
1856 2543 1912 2616 quia

225 2644 322 2716 pluris
337 2642 415 2714 (Gen.
445 2657 509 2712 cap.
532 2656 602 2709 xcii,
629 2638 674 2706 45,
691 2636 869 2707 repenset
886 2633 1054 2694 Patriarcba
1107 2637 1259 2689 iunctam
1284 2637 1399 2691 cunctis
1422 2639 1510 2691 notus
1532 2640 1605 2706 erat,
1628 2652 1719 2707 quam
1734 2634 1829 2707 paucis
1842 2633 1912 2689 hodie

225 2748 277 2806 per
291 2731 416 2788 salntem
433 2727 595 2786 Pharaonis
618 2727 662 2783 bis
685 2727 804 2798 jurasse
831 2729 977 2780 narratur.
996 2723 1053 2780 llos
1107 2723 1251 2796 cognitus.
1272 2725 1310 2778 st
1331 2723 1358 2779 is
1376 2723 1485 2780 Taetna
1510 2728 1631 2781 vocatur
1659 2723 1798 2794 ramulus,
1818 2737 1912 2786 semus,

222 2825 322 2878 tamen
346 2819 474 2876 Basilius
499 2817 625 2874 monitos
645 2831 708 2872 asse
734 2813 825 2870 voluit
847 2813 919 2868 illud
936 2811 1053 2869 etiamsi
1107 2812 1211 2869 14448
1226 2816 1255 2867 st
1271 2813 1407 2869 minister
1431 2813 1576 2885 publicus.
1598 2817 1636 2869 Da
1652 2811 1822 2886 triumphali
1834 2809 1911 2868 enim·

227 2911 387 2984 quamdam
402 2925 462 2981 pre¹
483 2923 514 2963 se
540 2907 614 2962 serat
629 2901 825 2976 jurisjurandi
840 2901 979 2974 speciem,
995 2917 1053 2956 non

226 2999 344 3073 proprie
367 2997 478 3054 dictum
490 2993 782 3066 eseejnsjurandum‚
806 2991 857 3047 sed
869 2990 985 3063 aliquod
1001 3005 1054 3061 pn-

224 3089 284 3144 tius
298 3087 472 3154 remedium,
488 3101 561 3157 quos
577 3099 623 3140 res
637 3082 738 3155 aliqua
756 3081 851 3153 possit
866 3079 1052 3136 auditoribus
1107 3079 1235 3143 Ὃπισθεν
1251 3077 1346 3134 τοῦτον
1360 3079 1467 3134 ἵσταται
1481 3079 1528 3135 τὸν
1542 3079 1803 3208 nizarus-delfini,

226 3176 342 3232 lucilius
366 3173 535 3246 persuaderi
557 3170 656 3245 (Basil.
673 3171 778 3226 Hamil.
795 3171 826 3225 in
839 3168 908 3241 prol.
926 3168 995 3232 th.
1010 3167 1051 3240 3).
1067 3145 1089 3213 G
1107 3150 1158 3208 M
1175 3148 1261 3226 444044
1277 3148 1366 3223 τούτῳ
1379 3149 1447 3226 πρός
1462 3169 1492 3206 τε
1506 3148 1564 3214 οὖς·
1603 3151 1630 3206 αὶ
1641 3151 1676 3207 τὸ
1690 3171 1740 3206 κατ

225 3266 260 3320 st
273 3261 474 3319 Tertullianus
490 3266 589 3335 aperte
603 3259 775 3332 pronuntiat
789 3259 854 3315 ideo
869 3257 1054 3314 Christianos

223 3353 342 3423 inrasae
371 3367 421 3423 per
444 3349 571 3406 salutem
595 3345 908 3419 imperatoriaque«
926 3345 1052 3416 salvum,

228 3440 337 3511 inquit,
352 3438 489 3495 volumus
502 3454 576 3506 essa,
592 3436 669 3506 quod
684 3436 762 3491 Deus
773 3433 875 3503 voluit,
890 3439 920 3490 st
934 3449 984 3506 pro
996 3450 1057 3488 rna·

229 3542 287 3600 gno
302 3528 330 3584 id
339 3529 510 3599 juramento
526 3527 668 3581 habemus
684 3543 699 3574 a
709 3522 843 3595 (Tertull.
859 3523 1013 3592 aucupet..
1027 3539 1053 3579 c.

228 3613 274 3686 32,
291 3633 319 3686 p.
336 3615 410 3686 447).
428 3613 572 3686 intelligis
600 3612 690 3685 igitar
704 3617 848 3685 quantum
863 3611 939 3667 inter
953 3611 1055 3666 Chrie·

228 3701 326 3759 danne
350 3709 379 3760 et
402 3701 545 3770 ethnicos,
562 3703 605 3758 sic
622 3703 769 3772 jurantes,
794 3705 857 3756 erat
883 3699 1053 3756 discrimen.

227 3790 386 3848 Christiani
396 3790 504 3863 qnippe
520 3799 573 3847 hac
584 3789 702 3863 publica
710 3789 905 3862 iurisjurandi
915 3788 1054 3862 religione

227 3879 417 3936 affirmabant
436 3879 551 3936 sincero
568 3895 599 3935 ae
623 3880 722 3936 auimo
739 3877 934 3950 imperatoris,
959 3877 1056 3949 quiea

227 3973 283 4024 uec
299 3969 373 4040 ipsis
388 3975 553 4041 prmposlns
564 3975 638 4035 erat,
651 3975 752 4040 optare
764 3984 797 4025 ac
808 3971 906 4041 petere
918 3966 1054 4024 salntem.

228 4057 344 4116 lithnici
359 4073 426 4115 varo
442 4059 534 4130 impia
549 4058 718 4115 adulatione
734 4059 952 4130 imperatorem,
969 4073 1056 4130 quem

229 4154 379 4204 mortuum
404 4147 556 4220 optabant,
572 4145 815 4204 contestabantur
829 4162 894 4202 esse
917 4146 1004 4202 deum
1027 4149 1057 4202 et

229 4253 301 4294 vera
325 4235 488 4293 divinitatis
513 4235 695 4309 participem.
722 4235 793 4291 Tam
815 4234 931 4291 neiadae
956 4241 1054 4292 autem

229 4324 438 4383 assentationis
461 4324 545 4382 laetis
569 4325 697 4397 prolecto
723 4328 752 4378 et
775 4323 913 4380 conscius
932 4323 987 4380 tuit
1002 4327 1056 4379 lic·

111 4481 116 4489 Ι
229 4414 333 4481 ratius,
350 4414 400 4485 qui
415 4413 452 4470 ad
468 4417 608 4470 cesarem
624 4416 802 4484 Augustum,
819 4410 861 4468 uti
876 4411 945 4467 alibi
960 4427 1054 4469 anna·

228 4502 356 4558 tammus
371 4503 525 4574 (dissertet.
552 4505 583 4558 ia
608 4504 709 4560 ttiaut.
724 4515 789 4573 cap.
805 4501 851 4566 42,
867 4503 920 4557 art.
936 4499 975 4572 3),
991 4500 1091 4578 huot)

227 4589 347 4663 snripsit
360 4591 492 4648 carmina
507 4609 514 4648 :

306 4745 431 4796 Prasantl
446 4745 495 4796 libi
510 4749 630 4796 maturos
643 4744 755 4808 largitur
769 4743 895 4804 honoras,

304 4805 490 4872 iurandasque
503 4810 579 4859 tuum
593 4821 642 4870 per
654 4819 754 4858 noman
768 4807 894 4871 ponimus
907 4819 975 4857 aras.

537 4887 637 4946 (lierni.
652 4887 697 4939 lib.
712 4901 730 4948 r,
745 4888 824 4953 epist.
842 4889 863 4946 4,
878 4899 905 4936 r.
921 4888 949 4937 44
961 4890 988 4938 el
1002 4889 1052 4950 46.)

533 5080 691 5122 surrectus
707 5081 745 5122 tv.

230 5187 403 5246 Christianos
412 5205 558 5262 perperam
568 5191 606 5246 cb
615 5189 737 5248 ettauu
750 5191 823 5249 lasea
837 5189 989 5262 maiestatis
999 5191 1051 5246 hu·

263 5277 352 5318 manre
367 5261 468 5319 idcirco
483 5262 652 5328 institutori,
677 5261 747 5333 quod
761 5263 941 5333 imperatores
955 5277 1052 5319 uocare

263 5332 325 5389 deos
338 5333 443 5391 aollmt
461 5352 473 5390 .·
490 5335 580 5402 ipsum
595 5335 792 5400 imperatorem
805 5349 862 5388 sure
877 5333 1051 5404 infirmitatis

264 5405 439 5461 Maenalium
469 5406 555 5474 [abac
578 5406 609 5458 ia
631 5406 757 5460 mamaea
782 5405 919 5474 triumphi
937 5405 1049 5475 aluric:

264 5485 420 5533 recusatum
442 5476 481 5532 ah
501 5477 600 5546 tapeto
624 5476 732 5532 Caesare
753 5474 799 5531 dei
822 5491 854 5530 ac
874 5475 983 5532 domm
1004 5491 1050 5532 co·

264 5565 382 5616 paemen
397 5567 406 5604 .·
423 5549 603 5617 imperatores
625 5564 643 5603 a
667 5546 833 5603 Christiania
853 5549 976 5604 damires
989 5563 1053 5604 uoce

265 5621 405 5676 communi
418 5616 571 5692 appellator
596 5635 603 5676 ε
627 5619 705 5692 uetur
728 5617 875 5690 partilibus
894 5616 1050 5691 [aurein-

1108 2917 1173 2958 rero
1188 2917 1287 2968 curra,
1303 2901 1412 2974 illoque
1426 2902 1570 2958 monitore
1586 2902 1647 2958 hmo
1663 2903 1791 2959 cecinit:

1108 3005 1160 3064 Καὶ
1174 3010 1232 3070 πῶς
1246 3005 1290 3060 ἐπὶ
1304 3010 1353 3061 τοῦ
1368 3003 1490 3082 ἅρματος
1506 3003 1641 3079 δημόσιος
1656 3006 1767 3078 elateri<

1757 3171 1800 3207 πιν
1815 3146 1894 3227 filim.

1169 3261 1202 3310 Et
1213 3259 1350 3324 quomodo
1365 3260 1392 3309 in
1408 3273 1488 3310 curra
1501 3259 1625 3322 publicus
1636 3261 1762 3312 minister

1170 3322 1244 3373 Pena
1258 3323 1331 3373 huuc
1347 3326 1407 3382 stat.
1423 3335 1550 3373 coronam
1564 3323 1713 3386 sustineus,
1877 3379 1882 3392 ⁸

1169 3387 1201 3436 lit
1214 3385 1307 3436 dicens
1321 3385 1383 3436 huic
1398 3385 1425 3434 in
1442 3385 1581 3449 aurem,ltt
1590 3385 1656 3450 quiet
1665 3401 1682 3436 a
1693 3391 1764 3450 terea
1773 3386 1912 3448 eatstnpsce.

1489 3457 1583 3516 (Treta.
1600 3457 1711 3508 chilied.
1727 3459 1790 3516 lm
1806 3457 1863 3511 let.)

1108 3563 1221 3622 Plinius
1231 3580 1298 3621 vero
1310 3562 1395 3622 illum
1411 3563 1541 3638 appellat
1555 3564 1672 3622 invidiae
1687 3570 1716 3622 et
1729 3563 1822 3638 gloria
1837 3558 1912 3617 medi·

1109 3671 1177 3710 cum
1202 3671 1242 3710 2«
1257 3653 1378 3723 Currus,
1402 3653 1511 3726 inquit,
1535 3653 1785 3725 triumphantium
1808 3650 1858 3706 sub
1876 3647 1912 3702 his

1108 3744 1250 3816 pendens,
1266 3741 1396 3799 defendit
1412 3742 1543 3800 medicus
1558 3743 1696 3812 iuvidies3
1714 3742 1849 3816 jubetque
1861 3753 1912 3794 οοο-

1108 3831 1175 3888 dem
1191 3831 1337 3905 respicere
1351 3829 1458 3886 similis
1473 3830 1620 3887 medicina
1636 3830 1753 3902 lingua,
1769 3847 1803 3886 ns
1814 3829 1848 3883 sit
1858 3840 1910 3882 sxa·

1109 3925 1173 3978 rata
1188 3938 1205 3978 a
1219 3926 1302 3993 tergo
1326 3919 1451 3988 fortuna,
1468 3919 1568 3994 gloria
1597 3920 1726 3976 carnifex
1743 3941 1756 3970 s
1772 3916 1848 3991 (Plin.
1870 3912 1910 3968 lib.

1108 4027 1198 4066 xxvrrr
1216 4014 1315 4068 datur.
1340 4011 1406 4066 llirt.
1432 4025 1457 4067 c.
1484 4009 1509 4066 4.
1535 4025 1564 4082 p.
1592 4009 1666 4078 570).
1693 4013 1731 4064 Α)
1754 4009 1777 4065 si
1801 4003 1913 4062 maneat

1109 4099 1222 4174 integer
1236 4099 1276 4155 sit
1288 4099 1336 4154 hic
1360 4097 1443 4155 Plinii
1457 4097 1550 4169 locus,
1564 4097 1605 4154 ibi
1621 4097 1770 4170 signifieat
1784 4092 1911 4159 invidiam,

1110 4203 1199 4263 quam
1214 4187 1431 4261 triumphantes
1445 4185 1538 4243 lacere
1553 4185 1620 4244 aliis
1631 4185 1776 4256 solebant,
1786 4187 1833 4242 aut
1845 4194 1911 4237 rana

1108 4281 1207 4355 gloria
1222 4280 1336 4348 vitium,
1354 4296 1412 4354 que
1423 4278 1558 4336 fascinari
1575 4284 1723 4354 poterant,
1737 4276 1828 4338 sanari
1840 4271 1910 4330 mtdt'·

1108 4372 1172 4428 ciac
1186 4371 1289 4440 lincea
1304 4367 1449 4426 adstantis
1464 4367 1551 4438 servi,
1568 4369 1617 4442 qui
1635 4368 1856 4443 triumphantem
1866 4361 1908 4416 hn-

1109 4477 1202 4517 manae
1217 4475 1277 4516 eure
1292 4457 1468 4516 conditionis
1483 4457 1671 4516 admonebat.
1692 4458 1765 4515 Nam
1779 4455 1849 4511 idem
1862 4447 1909 4504 Pli·

1107 4549 1175 4606 nius
1189 4547 1258 4605 alibi
1274 4553 1372 4619 aperte
1387 4545 1460 4603 dixit
1474 4562 1611 4604 coronam
1621 4543 1910 4620 triumphantisaser-

1106 4654 1141 4695 vo
1156 4635 1296 4693 sustineri
1312 4635 1391 4704 ttttt.
1408 4634 1460 4690 lib.
1476 4652 1579 4705 xxxin,
1594 4651 1657 4708 cap.
1674 4635 1713 4708 l).

1141 4726 1247 4784 Verum
1263 4724 1333 4798 quia
1347 4723 1436 4798 priori
1462 4722 1525 4780 loco
1549 4723 1667 4798 fortuna
1694 4725 1810 4780 recator
1829 4713 1909 4790 alarin

1104 4817 1228 4887 cauisse,
1254 4813 1323 4870 hinc
1341 4813 1464 4870 tortasse
1480 4812 1609 4869 isidorus
1625 4813 1655 4869 iu
1670 4813 1799 4870 animum
1813 4799 1911 4862 induxit

1105 4906 1278 4962 monitorem
1299 4901 1384 4959 illam
1414 4919 1471 4959 non
1495 4918 1614 4958 serrum
1630 4901 1732 4968 luisse,
1748 4898 1796 4956 sed
1810 4889 1910 4953 carnifi-

1104 5010 1168 5050 cem
1192 5011 1199 5051 :
1227 4991 1456 5066 Triumphantas
1478 5008 1495 5047 a
1518 4992 1659 5064 carnifice,
1673 4989 1776 5060 inquit,
1790 4983 1911 5052 wadre?

1105 5081 1214 5149 bantur,
1230 5089 1261 5138 ut
1274 5081 1309 5137 ad
1324 5084 1432 5138 tactum
1446 5080 1592 5153 [caliptum
1617 5082 1713 5146 euecti,
1734 5067 1911 5134 mediocritatis

1105 5174 1235 5230 humana
1258 5175 1497 5228 commonerentur
1521 5171 1637 5244 (lsidor.
1656 5170 1705 5228 lib.
1726 5183 1793 5224 xvm
1818 5159 1901 5231 Orici!

1105 5280 1168 5336 cap.
1184 5263 1212 5330 2,
1230 5279 1258 5336 p.
1277 5261 1349 5334 156).
1377 5259 1433 5317 Sed
1459 5258 1566 5316 malins
1590 5259 1690 5332 procul
1708 5257 1793 5312 dtrbio
1807 5251 1840 5308 ab
1855 5245 1908 5304 uie·
2011 5251 2012 5260 ¹

1106 5368 1226 5424 rcnymc
1241 5349 1417 5423 simpliciter
1431 5353 1620 5422 nuncupatur
1640 5364 1735 5412 comes,
1753 5343 1799 5418 qui
1814 5335 1909 5396 medltt

1105 5440 1182 5497 inter
1205 5437 1381 5512 populorum
1408 5436 1636 5494 acclamationes
1658 5436 1686 5492 in
1708 5447 1803 5492 aurern
1818 5426 1906 5484 trium·

1106 5529 1206 5604 phanti
1223 5532 1385 5584 memorata
1409 5543 1426 5582 a
1448 5527 1627 5584 Tertulliano
1643 5526 1730 5584 verba
1744 5514 1905 5610 ragembal-

1107 5617 1142 5675 ad
1158 5615 1277 5676 Paulam
1294 5616 1402 5691 quippe
1418 5616 1539 5689 scripsit
1555 5633 1561 5672 :
1592 5639 1603 5668 ι
1619 5605 1868 5687 Triumphantibns
1880 5613 1904 5654 tu
