4096 6180
133 333 181 398 til
802 333 854 396 be
876 332 1152 398 spectantius,
1772 325 1835 396 722.

130 466 233 541 species
249 465 295 539 (ut
307 465 423 538 pulsati
439 465 573 523 deorum.
589 467 746 540 Propterea
759 467 862 540 igitur,
879 484 952 541 quo·
967 474 994 539 Α
1009 471 1110 525 contra
1122 466 1173 523 Dei
1188 466 1223 534 ⁸⁸,
1238 481 1342 522 omncs
1356 465 1488 522 ieramus
1504 461 1569 534 (65).
1592 460 1671 517 Deus
1694 456 1833 533 pracepit

130 557 201 612 niam
217 558 342 626 utraque
354 553 501 612 idolorum
516 555 694 613 conditionis
705 556 858 625 colasset,
875 557 946 612 dum
1001 556 1142 630 Spiritum
1158 559 1294 611 sanctum
1309 554 1379 626 (66),
1396 556 1495 624 utpote
1510 567 1562 624 pro
1579 553 1691 606 uaturae
1706 564 1765 604 suae
1776 546 1830 602 bo·

129 642 226 700 monui
241 647 269 699 ot
284 643 324 699 dii
341 660 434 700 uuum
446 649 526 717 sunt,
538 649 663 718 utraque
677 644 841 702 idololatria
855 645 946 702 absti-
1001 663 1039 702 no
1055 651 1189 702 tenerum
1204 647 1233 700 et
1248 642 1405 699 delicatum
1423 640 1531 713 (Epiros.
1551 639 1602 710 rr),
1616 634 1831 709 tranquillitate

130 747 235 804 nemus,
251 749 305 790 neo
320 734 421 790 miuus
436 733 556 806 templa,
573 751 662 806 quarn
678 738 870 792 monuments
896 736 947 791 de·
1001 739 1030 793 et
1044 735 1140 807 quiete
1153 737 1181 790 et
1201 749 1272 805 pace
1297 735 1434 801 tractare,
1459 745 1516 784 uon
1542 728 1650 797 lurore,
1674 741 1734 781 nou
1756 723 1826 792 bile,

129 822 275 894 spuimus:
292 825 428 880 neutram
441 838 522 880 aram
543 823 679 881 novimus
700 825 756 896 (62)
778 824 847 897 (Act.
871 841 918 892 xx,
936 825 946 880 l
1001 841 1059 882 nou
1072 823 1193 887 ira‚noa
1205 821 1304 878 dolore
1316 818 1493 892 inquietare.
1505 816 1579 874 Huic
1597 814 1743 888 quomodo
1758 828 1826 870 cum

132 909 184 966 Car.
197 911 236 982 x),
253 916 387 968 neutram
404 911 530 985 effigiem
546 912 725 970 adoramus:
751 929 809 969 non
834 913 946 968 sacriti-
1000 913 1176 985 spectaculis
1193 911 1299 984 poterit
1314 907 1491 966 convenire?
1508 907 1601 962 Omne
1617 903 1696 960 euim
1708 905 1826 974 specta·

130 1015 235 1070 camus,
252 1016 310 1056 noa
326 1003 529 1073 peccabamus,
545 1002 595 1058 sed
612 1017 709 1074 neque
723 1003 759 1058 de
782 1001 946 1058 sacrificato
1001 1002 1101 1059 culum
1115 1001 1178 1058 sine
1188 1000 1380 1056 concussione
1393 997 1516 1070 spiritus
1527 1011 1585 1050 non
1596 997 1651 1049 est.
1668 990 1722 1048 Ubi
1746 989 1824 1047 euim

129 1098 155 1149 st
168 1096 318 1164 parentato
333 1091 461 1161 edimus,
478 1093 549 1166 quia
572 1109 629 1150 non
648 1109 805 1166 possumus
834 1109 946 1149 coenam
1000 1091 1146 1164 voluptas,
1160 1088 1392 1154 ibictstudium,
1407 1083 1545 1158 perquod
1561 1081 1673 1140 scilicet
1689 1078 1825 1151 voluptas

129 1182 173 1236 bei
187 1181 283 1247 edere,
298 1185 326 1237 et
341 1197 453 1238 omnam
468 1181 690 1240 demoniorum.
707 1183 736 1240 Si
751 1198 820 1256 ergo
846 1180 946 1254 gulam
1001 1182 1088 1255 sapit.
1105 1181 1159 1238 Ubi
1170 1179 1314 1250 studium,
1327 1182 1356 1233 et
1366 1175 1523 1246 aemulatio,
1535 1188 1681 1246 perquam
1693 1167 1825 1228 studium

128 1275 153 1326 et
167 1275 298 1327 ventrem
323 1271 360 1327 ab
385 1271 620 1343 inquinamentis
641 1271 812 1339 liberamus,
837 1275 946 1344 quanto
1001 1273 1087 1344 sapit.
1103 1277 1191 1327 Porro
1202 1268 1291 1326 stubi
1303 1265 1461 1336 emulatio,
1474 1263 1515 1320 ibi
1529 1267 1558 1318 et
1569 1262 1650 1318 lurar
1667 1265 1696 1316 et
1714 1257 1783 1315 bilia
1797 1261 1825 1314 et

127 1358 215 1430 magis
230 1358 403 1432 augustiora
414 1363 526 1428 nostra,
537 1360 638 1418 oculos
648 1366 677 1418 et
687 1376 783 1430 auree,
802 1359 839 1417 ab
853 1358 946 1418 idola·
996 1360 1045 1420 ira
1053 1366 1082 1418 st
1090 1361 1173 1417 dolor
1184 1359 1252 1432 (67),
1262 1361 1291 1414 et
1314 1359 1418 1414 castere
1432 1370 1467 1410 ex
1481 1354 1528 1408 bis
1539 1368 1601 1424 qus
1621 1366 1689 1406 oum
1704 1348 1751 1404 bis
1766 1363 1824 1403 noo

127 1446 210 1520 tbytis
225 1451 255 1504 et
270 1447 452 1522 necrothytis
466 1449 668 1522 voluptatibus
678 1449 871 1520 abstinemus,
882 1465 945 1520 qua
1000 1452 1172 1522 competunt
1187 1445 1359 1518 disciplina.
1373 1443 1449 1499 tldss
1462 1441 1535 1498 Nam
1552 1440 1605 1496 etsi
1622 1439 1673 1512 qui
1693 1436 1825 1492 modeste

127 1551 179 1592 nau
192 1535 340 1594 intestinis
353 1537 567 1611 transiguntur,
584 1539 634 1595 sed
651 1539 680 1594 in
697 1539 761 1612 ipso
788 1537 893 1611 spiritu
917 1541 946 1594 et
999 1542 1028 1595 at
1051 1539 1140 1612 proba
1167 1533 1344 1610 spectaculis
1372 1532 1491 1603 buitur,
1521 1546 1574 1603 pro
1600 1525 1752 1600 diguitatis
1779 1521 1824 1580 vsl

127 1623 218 1681 amma
247 1625 443 1698 digeruntur:
467 1642 594 1699 quorum
619 1626 766 1684 munditia
790 1624 884 1700 magle
907 1626 943 1682 ad
998 1625 1264 1701 atatis‚veletiam
1282 1618 1671 1681 naturaesuoecouditions:
1688 1632 1746 1673 aon
1775 1618 1824 1670 ta·

126 1713 212 1772 Dfflm
226 1714 363 1787 Wlifltlb
377 1731 467 1788 quam
481 1715 700 1774 intestinorum.
998 1734 1064 1775 mea
1080 1715 1241 1774 immobilis
1255 1714 1347 1771 auimi
1362 1716 1408 1770 est
1418 1714 1441 1748 ³⁶
1450 1711 1514 1769 siae
1524 1707 1612 1766 tacita
1621 1705 1743 1780 spiritus
1754 1721 1822 1778 pae-

385 1858 459 1914 W
478 1857 569 1916 CAPU
998 1807 1090 1864 sione.
1113 1807 1205 1863 Nemo
1233 1806 1269 1861 ad
1299 1802 1480 1875 voluptatem
1508 1797 1587 1855 veuit
1610 1797 1674 1854 sine
1702 1793 1820 1862 ellectu,

571 1858 682 1916 ΗΝ
959 1851 1084 1952 Bcremo
1112 1895 1250 1952 adactum
1279 1893 1344 1950 siue
1372 1889 1491 1947 casibus
1519 1886 1582 1945 suis
1610 1883 1732 1958 patitur.
1762 1882 1822 1956 ipsi

158 1985 239 2038 Nune
261 1980 435 2054 interposito
466 1982 585 2039 nornine
609 1980 751 2040 idolatrie
780 1984 836 2059 (63)
865 1983 944 2056 quod
998 2001 1085 2042 casus
1114 1983 1307 2041 incitamenta
1343 1985 1413 2038 suot
1449 1979 1582 2035 allectus.
1617 1977 1758 2030 Ceterum
1796 1971 1822 2029 sl
1900 2019 1903 2033 ,

124 2069 213 2128 solum
228 2070 397 2142 subiectum
411 2071 546 2128 sulficere
561 2073 647 2128 debet
669 2073 706 2130 sd
729 2073 945 2131 abdicationem
998 2075 1240 2141 cessatad'ectus,
1269 2071 1350 2128 nulla
1380 2073 1425 2128 est
1451 2067 1597 2140 voluptas,
1625 2068 1655 2120 et
1681 2068 1727 2120 cst
1754 2077 1822 2118 reus

125 2159 368 2232 spectaculorum,
391 2159 447 2217 alia
471 2161 534 2234 jam
568 2161 680 2219 ratione
713 2167 875 2220 tractemus
909 2179 945 2218 ex
993 2163 1057 2235 jam
1072 2162 1120 2219 ills
1135 2162 1273 2219 vanitatis
1286 2178 1320 2218 eo
1334 2157 1521 2226 conveniens,
1547 2154 1597 2211 ubi
1622 2151 1696 2208 nibil
1720 2167 1821 2208 couse-

125 2247 282 2304 abuudanti
297 2264 304 2303 :
322 2250 767 2323 proptercosmsximequisibi
786 2251 944 2308 blandiun-
998 2252 1109 2324 quitur.
1134 2252 1207 2307 Puto
1229 2255 1338 2317 autem,
1363 2249 1451 2305 etiem
1476 2244 1590 2302 vanitas
1611 2246 1750 2298 extranea
1778 2242 1823 2295 est

124 2340 177 2404 tur,
188 2338 266 2410 quod
284 2354 342 2393 noa
354 2337 529 2395 nominatim
545 2339 731 2408 abstinentia,
742 2341 799 2398 ieta
811 2341 946 2414 prascri·
998 2341 1094 2398 nabis.
1111 2340 1184 2407 Quid
1201 2341 1278 2412 quod
1294 2343 1323 2395 et
1338 2339 1400 2411 ipse
1415 2351 1447 2392 ss
1457 2334 1572 2406 judicat
1586 2331 1662 2388 iuter
1674 2346 1725 2386 eos
1741 2327 1821 2400 posi·

125 2429 179 2498 pta,
193 2426 246 2495 sit,
262 2426 346 2498 quasi
362 2442 465 2498 parum
480 2428 570 2484 ctiam
592 2429 628 2486 de
651 2429 827 2501 spectaculis
841 2430 863 2466 ²²
878 2446 945 2503 pro·
999 2434 1059 2501 tus,
1076 2445 1201 2502 quorum
1217 2426 1388 2486 assimilem
1413 2424 1516 2481 nolens
1540 2421 1642 2493 utique
1665 2419 1821 2474 detestata-

125 2514 275 2572 nuntistur
305 2515 326 2583 ⁸,
344 2531 411 2571 oum
427 2517 671 2589 concupiscentias
686 2519 785 2575 saculi
803 2521 947 2576 damnas·
1000 2534 1061 2575 rem
1078 2516 1251 2576 confitetur?
1264 2516 1353 2574 Nobis
1368 2514 1440 2572 eatis
1456 2529 1515 2569 aon
1534 2514 1589 2578 est,
1614 2509 1638 2564 si
1663 2506 1720 2579 ipsi
1746 2504 1819 2562 nibil

125 2607 177 2659 tur.
189 2602 352 2660 Namsiout
365 2603 506 2676 pecunie,
517 2604 562 2661 vel
577 2605 740 2679 diguitatis,
751 2606 795 2664 vel
806 2608 892 2682 gule,
903 2600 946 2666 vel
1000 2607 1059 2665 talc
1074 2607 1228 2676 iaciamus,
1244 2606 1302 2663 uisi
1316 2609 1345 2662 st
1359 2603 1427 2660 talia
1447 2600 1621 2658 iacientibus
1645 2613 1702 2653 uon
1725 2594 1821 2652 conis·

125 2690 264 2760 libidiois,
276 2690 444 2764 velgloris;
456 2695 498 2749 ita
508 2692 949 2770 stvoluptatisconoupisoeutia
1001 2714 1113 2754 ramur.
1128 2695 1158 2752 Si
1167 2697 1271 2767 iurem,
1284 2694 1380 2767 inquil
1400 2690 1490 2766 (Paul.
1508 2689 1595 2760 amal,
1610 2687 1740 2754 videbas,
1756 2701 1825 2741 oon·

125 2787 178 2837 cst:
189 2781 305 2853 speclea
315 2786 414 2838 autem
424 2782 582 2855 voluptatis
592 2785 681 2840 etiam
691 2787 867 2858 spectacula.
878 2788 947 2862 Opi·
1002 2787 1142 2844 currebas
1157 2802 1224 2842 cum
1237 2800 1281 2841 co.
1298 2783 1414 2840 Utinam
1433 2798 1468 2837 ns
1483 2780 1512 2835 io
1529 2776 1635 2836 esculo
1651 2775 1771 2848 quidem
1786 2773 1826 2830 si·

128 2887 177 2928 nor
190 2869 369 2944 generaliter
383 2872 541 2928 nominata
561 2873 584 2908 ¹⁸
598 2875 842 2946 concupiscentiae
857 2877 948 2934 conti.
1003 2875 1065 2933 mul
1081 2874 1223 2932 cumillis
1239 2888 1439 2930 moraremur:
1456 2870 1506 2926 sed
1524 2873 1621 2924 tamen
1638 2865 1667 2920 in
1679 2861 1828 2921 saculari-

125 2965 188 3016 aeut
203 2961 232 3016 in
250 2975 283 3017 ee
297 2965 327 3017 et
340 2960 504 3033 voluptates
519 2977 600 3034 sque
615 2963 949 3036 generalitcriatellecta
1003 2970 1059 3026 bus
1075 2981 1256 3041 separamur,
1282 2963 1333 3037 qui
1358 2961 1497 3020 seculum
1525 2958 1574 3016 Dei
1596 2960 1651 3028 est,
1676 2952 1829 3011 secularia

124 3048 285 3122 voluptates
299 3048 466 3122 specialiter
477 3053 507 3106 et
521 3050 551 3106 iu
568 3049 736 3124 spectacula
752 3052 948 3112 disseruntur.
1004 3063 1102 3114 autem
1119 3055 1236 3111 diaboli.

122 3138 259 3196 Getarum
276 3137 432 3196 retulimus
447 3155 537 3213 supra
552 3140 588 3197 da
611 3138 743 3197 locorum
770 3143 947 3214 conditione,
1312 3139 1429 3198 CAPUT
1448 3139 1519 3195 XVI.

123 3226 195 3300 ‘1⁰⁰³
211 3245 271 3285 ⁰⁰¹¹
287 3244 339 3301 9⁰¹⁸
351 3227 511 3302 ΙθῑῦθῖῑὶηΕ
527 3229 760 3302 ⁰⁰⁸i¹1q¹¹5⁰⁰³b
776 3234 826 3289 ⁸0d
844 3249 896 3306 per
913 3217 984 3292 eac
1039 3235 1112 3292 Cum
1134 3249 1202 3306 ergo
1226 3233 1307 3289 iuror
1321 3230 1343 3266 ⁸⁸
1359 3226 1544 3286 interdicitur
1565 3223 1663 3294 uobis,
1687 3222 1723 3279 ab
1743 3221 1828 3279 ,omni

124 3332 185 3388 qua
199 3317 262 3374 illic
277 3321 429 3391 geruntur,
445 3331 498 3391 pcr
512 3335 575 3392 qus
590 3318 679 3376 simul
691 3320 946 3394 inquinamentum
1003 3322 1170 3399 spectaculo
1193 3321 1364 3390 aulerimur,
1389 3319 1476 3376 ctiam
1493 3334 1510 3373 a
1525 3315 1612 3384 circo,
1637 3312 1687 3369 ubi
1712 3309 1829 3384 proprie

125 3405 329 3478 combiberint,
346 3412 416 3464 tuno
430 3412 460 3465 et
473 3407 503 3465 iu
518 3407 627 3467 alteros
640 3409 664 3446 ⁸⁰
678 3415 823 3483 respuunt
835 3411 903 3486 (ul).
1003 3415 1086 3472 iuror
1100 3411 1247 3486 praesidat.
1262 3410 1367 3483 Aspice
1381 3406 1521 3481 populum
1537 3405 1573 3462 ad
1588 3404 1611 3439 ⁸⁶
1625 3399 1827 3476 spectaculum

439 3549 555 3608 CAPUT
569 3551 617 3608 XV
999 3505 1063 3576 jam
1075 3520 1141 3560 cum
1153 3502 1250 3558 lurore
1263 3497 1509 3567 venientem,jam
1522 3492 1751 3560 tumultuosum,
1765 3491 1826 3562 jam

620 3591 627 3608 ’
1003 3609 1125 3661 cocum,
1140 3593 1203 3663 jam
1219 3592 1254 3647 de
1269 3588 1480 3662 sponsionibus
1503 3583 1693 3642 concitatum.
1713 3581 1827 3638 Tardus

156 3671 271 3730 Viderit
284 3688 364 3747 ergo,
380 3677 413 3732 ut
427 3674 557 3732 diximus
584 3675 618 3747 ⁸¹,
645 3675 817 3750 principalis
841 3679 947 3737 titulus
1003 3687 1047 3740 est
1057 3681 1099 3738 illi
1109 3683 1229 3751 Praeior,
1240 3695 1358 3751 semper
1367 3675 1445 3733 oculi
1455 3675 1485 3730 iu
1499 3690 1572 3730 urna
1582 3672 1647 3744 ejus
1658 3687 1726 3727 cum
1740 3673 1811 3727 sort·
1824 3702 1828 3709 .

119 3756 290 3819 idololatria
305 3762 339 3829 ⁸²,
356 3761 485 3836 reliquas
509 3763 641 3837 ipsarum
668 3780 766 3821 rerum
792 3765 947 3838 qualitates
1002 3770 1058 3828 bus
1072 3769 1252 3826 volutantur.
1270 3766 1377 3823 Dehinc
1393 3765 1429 3820 ad
1444 3763 1563 3836 signum
1588 3760 1666 3817 auxii
1687 3759 1780 3832 pende
1820 3798 1827 3824 ,

840 3904 942 3966 Variae
957 3906 1106 3968 lectiones

151 4018 462 4078 ”Delitteriel’oria
501 4023 846 4101 ¹⁸Pronuntiernuslir'q.
884 4029 1167 4087 ”Nomiusl’cmct
1206 4029 1228 4064 ³⁰
1242 4027 1278 4081 tlt
1292 4031 1362 4082 tunc
1378 4022 1467 4079 altero
1482 4021 1544 4090 liic.
1582 4016 1821 4088 ³¹Hiceritergo,

119 4089 189 4217 atldd'
201 4092 592 4223 m'eiirff1010mm9'
630 4098 1071 4174 ”Contrariisomuesl'raneq
1109 4098 1293 4156 ³‘lmmobili
1310 4095 1543 4154 anirnoeatlrm.
1580 4091 1603 4126 ³⁸
1620 4091 1726 4145 l'urora
1752 4088 1817 4144 lua.

845 4280 1107 4343 Commentarius.

151 4395 205 4467 (62)
218 4397 353 4454 Neutrum
374 4416 454 4456 oram
467 4404 606 4458 accianus.
631 4403 661 4459 ln
685 4403 805 4478 templis
831 4408 943 4465 Graeoo-
997 4411 1043 4464 eat
1056 4415 1152 4464 contro
1183 4423 1275 4477 ancre,
1292 4419 1449 4477 opponere,
1465 4413 1650 4470 componere,
1662 4394 1822 4462 ⁰01¹15ll01⁸b

119 4480 181 4521 rum
194 4469 607 4553 ducerentallaria.alterum
622 4476 729 4546 majus,
743 4476 867 4534 alterurn
888 4481 941 4536 mi·
998 4479 1138 4537 conferre.
1155 4424 1218 4534 liro.
1799 4537 1805 4548 ,

119 4539 428 4624 uus:rllud·1umedi0
443 4546 534 4602 situm
554 4544 634 4622 ἁγαία
648 4547 766 4622 τράπεζα
782 4550 943 4618 dicebatur,
1034 4551 1090 4623 (66)
1120 4552 1188 4606 Deus
1211 4549 1339 4620 praecepit
1364 4545 1499 4616 Spiritum
1533 4549 1669 4596 sanctum.
1706 4536 1804 4622 Alludr

118 4606 169 4692 hpu
180 4613 216 4666 ad
227 4612 380 4669 sinistram
390 4610 527 4691 πρόθεσις,
542 4618 756 4691 appellabatur,
778 4627 810 4677 ut
824 4623 943 4695 scripsit
998 4621 1076 4677 haud
1093 4623 1180 4678 dubie
1197 4623 1232 4677 ad
1256 4620 1327 4675 illud
1348 4617 1454 4688 lipbes.
1478 4629 1522 4670 rv:
1545 4611 1632 4668 Nolite
1659 4613 1823 4665 contrastare

117 4679 248 4750 Simeon,
264 4685 504 4760 archiepiscopus
527 4689 809 4759 Thessalonicensis,
832 4694 882 4750 lib.
912 4695 945 4752 dc
959 4682 983 4747 ll
998 4694 1134 4765 Spiritum
1148 4703 1271 4748 sanctuar
1289 4693 1345 4755 ilci,
1362 4691 1392 4744 ia
1407 4702 1458 4759 qao
1472 4684 1576 4756 sipnoti
1589 4683 1698 4766 cultata
1708 4681 1757 4764 ¹die
1778 4697 1819 4764 re-

119 4751 221 4822 lempl.
237 4757 343 4812 sacerd.
359 4765 492 4833 etmystc.
505 4761 571 4817 Lac.
999 4765 1173 4836 demptionis.
1190 4764 1284 4822 Omnis
1300 4759 1467 4825 alacritudo,
1483 4759 1507 4812 ct
1523 4759 1578 4820 ira,
1601 4759 1627 4810 et
1652 4751 1823 4835 tadzqnatro,

148 4824 205 4907 (⁰²⁹3)
222 4830 305 4911 lianc
318 4830 479 4916 interposito
493 4835 605 4889 nomiae
620 4833 798 4892 idololatriae.
816 4837 875 4893 Hoo
901 4841 946 4894 est
999 4841 1025 4893 et
1039 4838 1144 4893 obmor-
1157 4845 1183 4892 et
1203 4834 1372 4908 blasphemia
1396 4831 1511 4887 tollatur
1524 4845 1542 4910 a
1554 4825 1638 4892 vobit,
1662 4841 1723 4880 cvm
1746 4839 1823 4908 ‘imni

81 4901 88 4919 ·
117 4899 423 5020 flammandololatna
446 4904 591 4977 tantisper
617 4906 738 4972 omisso,
764 4907 944 4966 intermisso.
1001 4910 1121 4970 malitia,
1138 4895 1823 4979 indiaaasperpoetsrioraillaverbaexplrcsrr

141 4981 179 5023 te.
1022 4979 1204 5037 recedentia.

143 5039 208 5163 Fpii)
227 5041 296 5096 Tam
308 5043 396 5102 attero
412 5051 553 5119 respuant.
575 5047 639 5103 llio.
665 5047 760 5104 Codex
782 5049 943 5122 agobardi:
1001 4997 1019 5054 p
1037 5052 1092 5122 (67)
1107 5054 1140 5107 lit
1155 5053 1199 5107 ira
1213 5059 1239 5107 et
1252 5049 1339 5106 dolor.
1355 5044 1471 5117 insigna
1487 5041 1577 5112 buius
1598 5038 1643 5121 φοί
1658 5035 1825 5123 sssmplupn

119 5125 130 5154 ⁸
158 5114 176 5164 t
192 5115 258 5168 tum
276 5112 367 5172 altero
381 5119 566 5190 respuuutal
585 5119 677 5176 Altero
692 5119 764 5177 dixit
774 5122 946 5180 adverbiali·
1000 5123 1104 5178 recitat
1119 5122 1241 5191 Plinius,
1259 5121 1309 5176 lib.
1325 5136 1363 5174 vu
1382 5133 1445 5188 cap·
1459 5115 1494 5169 7:
1521 5135 1531 5162 ⁸
1550 5116 1695 5179 Unttttflb
1717 5114 1825 5182 intimi,

116 5181 168 5247 lor,
184 5186 437 5253 quemadmodum
454 5191 558 5246 Aliost
573 5190 629 5245 sub
645 5191 733 5248 tinem
753 5191 820 5248 libri
846 5211 886 5263 ru,
910 5195 946 5252 ad
1000 5195 1169 5266 Pompeiani
1198 5192 1345 5265 elephanti
1370 5187 1554 5258 eruptionem
1575 5186 1735 5266 tentavere,
1769 5198 1827 5266 ⁰91¹

117 5250 212 5320 tlxor,
229 5255 373 5314 odoacro.
389 5260 437 5316 Sic
450 5266 478 5317 ct
494 5263 596 5318 alteras
613 5263 740 5334 positum
757 5264 827 5322 olim
855 5266 946 5323 luisse
1001 5267 1064 5322 sine
1077 5265 1227 5322 vexatione
1244 5262 1354 5337 populi,
1377 5257 1550 5316 circumdati
1572 5253 1694 5312 clatbrrs
1717 5255 1827 5310 terrers.

116 5323 407 5402 aitl'estus.prueo
428 5334 505 5404 quod
535 5339 579 5388 cst
602 5335 773 5391 adverbium
800 5339 881 5394 alias.
908 5343 946 5394 [te
999 5339 1055 5394 Sed
1073 5339 1183 5394 amissa
1199 5339 1272 5407 luga
1285 5351 1346 5406 spe,
1364 5329 1597 5388 misericordiam
1612 5327 1694 5400 vulgi
1709 5327 1828 5381 inenar-
1945 5374 1950 5382 .

114 5392 193 5451 bisce
207 5403 309 5455 autem
325 5401 456 5461 locorum
472 5403 716 5476 inquinamentis,
732 5425 832 5481 supra,
843 5413 943 5481 cap.3.
1002 5408 1087 5464 rabili
1102 5410 1203 5465 habitu
1219 5413 1391 5479 quarentes,
1403 5401 1615 5474 supplicavere,
1626 5399 1753 5524 quadam
1765 5410 1830 5452 sese

116 5464 179 5522 Hm·
999 5480 1211 5538 lamentatione
1226 5478 1442 5550 complorantes
1457 5478 1538 5530 tanto
1556 5488 1631 5544 popu
1647 5489 1655 5524 1
1671 5469 1780 5549 dolore,
1797 5469 1830 5520 ut

148 5538 389 5610 lb5lcmtrouei
411 5561 503 5604 amaea
526 5549 660 5618 feramus.
688 5550 735 5606 Sic
763 5551 945 5607 restituimus
1000 5553 1111 5609 oblitus
1137 5551 1322 5625 imperatoris
1352 5565 1384 5604 ac
1415 5543 1621 5602 munificentiae
1646 5542 1748 5622 honori
1773 5552 1827 5590 auo

113 5611 266 5666 0¹⁰⁰di⁰e
280 5615 444 5686 bgobnrdi:
463 5623 641 5683 «varamus,
663 5621 770 5692 inquit.
794 5641 840 5680 res
862 5639 944 5694 spec·
1000 5625 1161 5695 exquisitae,
1192 5625 1264 5680 deos
1288 5622 1443 5678 universus
1466 5620 1664 5694 consurgeret,
1690 5611 1827 5676 dirasque

113 5681 284 5766 “tulerunt
300 5692 401 5766 eontra
416 5705 462 5747 res
477 5691 539 5752 Dei,
556 5712 570 5742 a
587 5690 662 5748 Nota
686 5694 800 5764 locatio,
824 5713 866 5752 res
886 5696 945 5765 llei,
1000 5697 1148 5768 Pompeio,
1163 5713 1238 5769 quas
1253 5696 1302 5752 ille
1316 5711 1383 5749 mox
1403 5689 1468 5758 luit,
1491 5703 1590 5760 prunas
1605 5685 1825 5754 imprecaretur.

115 5765 166 5823 iro
181 5753 287 5817 divana
301 5775 353 5818 eeu
369 5760 535 5823 Christiana
549 5762 713 5838 disciplina.
731 5767 838 5826 Contra
861 5767 946 5842 laras,
1000 5773 1074 5826 Pan.
