4096 6180
127 398 184 463 ue
700 369 705 378 '
815 395 867 458 ou
887 396 1166 461 roououaruu.
1778 382 1837 444 444

125 533 298 606 procurator
310 528 461 588 idolorum
478 529 691 586 demonstreris
703 532 716 586 4
728 528 820 586 Nemo
834 532 956 586 conten·
970 531 996 598 A
1011 528 1120 601 quibus
1133 529 1196 604 ipse
1211 524 1382 601 prospexit?
1396 523 1459 588 Dua
1473 517 1640 577 constantia
1661 514 1838 573 exorcizabit

126 621 175 677 444
188 634 276 693 posse
290 618 346 676 boc
362 619 448 676 modo
464 618 602 676 omnibus
620 617 871 691 negotiationibus
885 634 955 674 con·
1010 618 1147 676 alumnos
1174 633 1254 687 soce,
1282 615 1391 689 quibus
1418 613 1540 670 domum
1567 623 1653 666 suem
1688 603 1835 662 cellariam

126 708 297 766 troversiem
336 707 409 764 ilerl.
448 707 588 766 Graviora
619 707 724 765 delicta
754 723 876 780 quaque
903 722 956 780 pro
1010 707 1152 781 prostati
1169 707 1218 765 lile
1228 706 1346 780 quidem
1361 703 1385 761 si
1401 698 1557 760 excluserit
1571 695 1760 764 demonium,
1776 708 1835 752 non

127 796 330 871 magnitudine
345 795 466 870 periculi
483 796 665 870 diligentiam
681 797 843 852 extendunt
857 795 956 853 obser·
1010 797 1067 855 sibi
1081 797 1193 870 placeat
1207 797 1243 852 do
1259 795 1325 851 ilde.
1341 795 1441 865 Neque
1461 789 1539 848 enim
1564 786 1718 844 inimicum
1738 781 1835 840 exclu-

125 886 263 958 44444444,
277 889 311 942 44
328 902 386 942 nou
403 885 440 942 ab
462 885 511 942 bis
534 889 652 942 tanturn
678 885 884 955 abscedamus,
905 885 955 941 444
1010 886 1059 943 sit.
1078 885 1173 942 Facile
1187 884 1288 942 debuit
1310 884 1347 940 de
1367 897 1400 938 eo
1427 881 1588 952 impetrare,
1605 890 1693 948 quem
1707 870 1836 944 quotidie

126 978 155 1032 et
168 976 207 1032 ab
225 974 263 1032 iis
278 989 332 1046 per
347 991 413 1047 qum
437 975 522 1030 44444.
539 973 619 1030 Licet
644 973 723 1030 enim
744 975 780 1029 ab
803 972 872 1030 aliis
895 974 955 1044 ilat,
1010 975 1112 1048 possit.
1129 973 1215 1031 Nulla
1238 971 1329 1046 igitur
1343 987 1401 1037 ars,
1418 967 1499 1026 nulla
1519 964 1671 1040 professio,
1687 959 1769 1018 nulla
1784 975 1834 1016 ue-

125 1080 184 1122 uon
199 1065 333 1134 interest,
349 1063 375 1119 ai
401 1065 424 1101 ⁸¹
451 1079 503 1137 per
525 1079 582 1120 ma.
610 1064 642 1119 In
670 1061 751 1120 nullo
773 1062 956 1121 necessarius
1009 1063 1141 1136 gotistio,
1156 1079 1220 1134 que
1242 1060 1313 1134 quid
1338 1064 1389 1116 eut
1407 1055 1590 1114 instruendis
1608 1056 1661 1110 aut
1675 1047 1836 1106 formandis

124 1167 190 1210 esse
214 1152 305 1209 debeo
331 1151 392 1221 alii,
418 1167 486 1208 cum
506 1151 577 1209 lacit
604 1151 681 1223 quod
706 1150 779 1207 mibi
804 1149 955 1206 nonlicet.
1009 1153 1097 1209 idolis
1111 1151 1307 1218 administrat,
1320 1163 1418 1204 carere
1434 1145 1539 1219 poterit
1552 1141 1638 1200 titulo
1653 1137 1834 1198 idololatria:

124 1241 162 1296 Dx
202 1241 258 1300 boc
294 1239 375 1314 qnod
409 1243 490 1297 vetor
525 1239 630 1312 iacere,
669 1238 832 1311 intelligere
864 1239 955 1296 debeo
1010 1239 1068 1295 uisi
1090 1237 1115 1295 44
1138 1237 1219 1294 44444
1245 1235 1365 1293 omniuo
1380 1235 1607 1305 interpretemur
1628 1223 1835 1295 idololatriam,

122 1330 288 1386 curandum
304 1329 376 1386 mibi
392 1343 468 1398 4444,
486 1344 523 1386 44
546 1328 599 1385 4444
620 1343 672 1401 per
695 1344 752 1386 me.
769 1328 901 1401 Denique
924 1327 956 1382 in
1010 1343 1097 1400 quam
1114 1325 1287 1384 tumulatum
1304 1324 1451 1381 idolorum
1465 1319 1519 1390 (52)
1536 1315 1735 1374 colendorum.

122 1417 181 1476 elia
196 1434 288 1475 44444
301 1435 360 1476 non
384 1417 503 1476 levioris
523 1421 623 1475 reatus
648 1417 854 1490 praejudicium
874 1415 955 1472 istud

123 1507 258 1564 observo.
282 1511 355 1564 Nam
379 1506 458 1579 quod
484 1506 558 1563 mibi
581 1507 617 1564 de
641 1511 744 1579 stupro
767 1505 956 1562 interdictum
1322 1464 1439 1522 CAPUT
1457 1461 1518 1519 ΧΠ·

124 1595 173 1664 444,
185 1594 254 1652 aliis
268 1596 305 1652 ad
320 1611 387 1652 eam
403 1611 463 1652 rem
479 1594 553 1652 nibil
566 1599 618 1650 aut
632 1611 725 1668 opera
740 1599 792 1651 aut
805 1594 956 1652 conscicn-
1046 1593 1121 1650 44414
1136 1592 1219 1650 nobis
1234 1593 1270 1648 de
1284 1587 1511 1646 necessitatibus
1530 1585 1666 1640 humana
1681 1578 1834 1639 exhibitio-

124 1684 170 1741 tiae
198 1684 335 1742 exhibeo.
364 1683 438 1740 Nem
462 1684 651 1757 quodipsam
681 1700 798 1741 carnem
825 1699 958 1741 masma
1011 1682 1058 1738 nis
1073 1681 1311 1755 supplaudimus,
1328 1679 1352 1734 44
1368 1681 1435 1750 post
1457 1676 1543 1732 fldem
1560 1672 1746 1745 obsignatum
1763 1669 1835 1726 dioi-

123 1771 321 1846 lopanaribus
336 1771 497 1846 segregavi,
513 1788 641 1846 agnosco
666 1789 723 1844 me,
738 1787 834 1845 nequa
848 1771 956 1828 lenoci·
1011 1788 1078 1828 mus
1095 1789 1101 1828 :
1118 1770 1194 1827 848
1211 1787 1268 1827 uon
1284 1769 1377 1825 babeo
1402 1783 1457 1837 quo
1480 1764 1585 1820 vivam.
1601 1763 1667 1819 tam
1688 1760 1734 1816 bio
1757 1757 1836 1814 enim

125 1862 222 1934 nium,
238 1875 335 1933 neque
352 1860 383 1917 id
397 1877 491 1934 genus
506 1860 622 1918 lucrum
636 1860 759 1918 alterius
773 1877 862 1918 cause
874 1877 956 1916 exer·
1012 1858 1128 1934 pleuius
1143 1858 1185 1915 illi
1200 1859 1330 1931 abrupta
1343 1853 1536 1930 propositioni
1551 1849 1733 1924 respondebo
1748 1851 1834 1904 :Sero

125 1967 190 2008 cere
220 1951 295 2006 844
336 1965 434 2024 posse.
464 1949 511 2006 Sic
548 1955 578 2006 et
612 1949 763 2006 homicidii
792 1911 1127 2006 interdictioBdicitur.
1142 1951 1216 2004 Ante
1230 1946 1309 2004 euim
1326 1947 1381 2002 tuit
1396 1942 1630 2007 deliberandum,
1645 1957 1679 1996 ex
1695 1936 1835 1994 similitu-

124 2039 258 2096 ostandit
280 2038 352 2094 mibi
382 2037 519 2094 lanistam
548 2038 745 2110 quaquamst
772 2038 809 2094 44
831 2036 957 2094 Ecclesia
1010 2039 1078 2095 dine
1101 2036 1348 2112 providentissimi
1372 2032 1491 2092 4444444
1515 2030 1595 2088 iltius
1618 2027 1735 2101 (Sblqui
1752 2025 1834 2099 prius

125 2127 244 2186 arceri:
268 2143 322 2184 nco
349 2143 401 2199 per
423 2143 455 2184 se
476 2142 534 2184 nou
560 2127 655 2196 iaciat,
680 2128 760 2199 quod
789 2127 955 2184 iaciendum
1010 2131 1147 2201 sumptus
1162 2126 1258 2199 operis
1272 2141 1340 2182 cnm
1355 2123 1467 2180 uiribus
1481 2119 1544 2178 suis
1559 2122 1709 2191 supputat,
1722 2131 1768 2183 ne,
1784 2113 1836 2172 ubi

124 2215 193 2274 aliie
218 2216 436 2273 subministrat.
453 2216 526 2272 44444
542 2217 635 2288 magis
658 2216 823 2288 proximum
848 2217 956 2289 preju·
1010 2218 1140 2288 coeperit,
1156 2217 1287 2272 44444444
1301 2215 1324 2250 ⁸³
1339 2217 1439 2286 postea
1464 2211 1626 2267 erubescat.
1642 2207 1698 2263 Sed
1714 2209 1743 2262 et
1757 2219 1835 2260 nuuc

125 2305 249 2362 dicium.
265 2305 293 2360 Si
308 2304 495 2378 publicorum
519 2305 715 2362 victimarium
738 2307 905 2377 redemptor
919 2305 955 2362 44
1010 2305 1102 2362 habes
1129 2305 1207 2362 dicta
1232 2302 1356 2369 Domini,
1384 2305 1413 2358 et
1438 2299 1571 2371 exemplu
1592 2295 1753 2354 adimentia
1780 2293 1835 2349 tibi

124 2394 215 2451 tidem
231 2394 362 2464 4444444,
378 2394 532 2467 permittes
553 2395 577 2450 ei
602 2393 633 2450 in
658 2410 692 2450 eo
708 2395 823 2468 negotio
838 2409 955 2467 perma-
1011 2410 1128 2451 omnem
1143 2393 1352 2451 causationem.
1369 2390 1443 2456 Ouid
1458 2387 1536 2445 enim
1552 2385 1646 2442 444444
1660 2405 1675 2436 a
1692 2382 1798 2455 ligabo.
1821 2403 1833 2436 a

127 2482 298 2539 ueretAut
323 2482 349 2540 44
370 2481 545 2554 (4444444444
569 2482 598 2538 id
621 2483 645 2519 ⁸²
674 2498 757 2554 egere
785 2482 956 2556 susceperit,
1010 2484 1065 2539 844
1092 2480 1189 2538 felices
1217 2495 1324 2553 egenos
1349 2477 1493 2535 Dominus
1513 2473 1653 2547 appellat.
1682 2493 1696 2521 u
1720 2469 1836 2526 Victum

126 2571 318 2628 retinendum
347 2571 383 2627 in·
411 2571 542 2628 Ecclesia
577 2571 723 2644 putabis?
750 2570 812 2628 Non
843 2571 956 2643 opinor,
1012 2566 1538 2637 nonhabebo.»Seductitainquit
1561 2564 1684 2632 copitcrc
1705 2559 1739 2616 de
1760 2560 1838 2616 uicta

128 2659 185 2714 nisi
202 2658 229 2713 44
245 2658 313 2730 quie
327 2662 357 2714 et
368 2659 403 2714 ds
420 2657 553 2714 tburario
566 2658 777 2730 dissimulabit,
789 2659 900 2715 scilicet
920 2660 956 2715 ad
1012 2661 1114 2734 (444444.
1139 2679 1178 2728 vr,
1201 2661 1258 2732 25).
1284 2660 1317 2714 lit
1343 2656 1473 2714 uestibus
1500 2654 1644 2710 babemus
1671 2648 1836 2721 exemplum

127 2745 203 2803 alios
223 2746 356 2819 peruenit
370 2746 535 2820 procuratio
558 2747 725 2820 sanguinis,
740 2748 777 2803 44
800 2747 872 2804 alies
886 2749 956 2804 odo·
1011 2749 1084 2806 lilia.
1101 2773 1116 2801 «ι
1130 2749 1299 2806 8444444444
1315 2747 1386 2803 mibi
1402 2762 1477 2818 opus
1492 2747 1572 2800 erat:
1586 2763 1599 2792 4
1615 2740 1723 2813 Atquin
1739 2737 1839 2794 omnia

129 2851 208 2892 rum.
234 2835 266 2891 Si
290 2840 449 2907 antequem
477 2835 556 2892 idolo
586 2837 615 2892 iu
645 2836 750 2892 seculo
777 2842 886 2908 essent,
911 2835 958 2893 bis
1011 2834 1471 2908 vendendasuut,etcgentibus
1492 2826 1838 2888 dividenda.›rSedilliis

126 2923 278 2979 mercibus
299 2923 396 2980 adbuc
419 2923 555 2980 informia
574 2925 630 2996 (49)
656 2925 823 2982 44444444444
848 2924 957 2982 transi·
1011 2934 1040 2984 et
1054 2927 1214 3000 posteritati
1233 2925 1453 2999 providendum.
1471 2944 1485 2972 4
1504 2922 1595 2978 Nemo
1610 2922 1709 2976 aratro
1722 2932 1837 2973 manum

125 3013 263 3085 gebatur,
279 3012 322 3068 444
336 3016 365 3068 44
392 3029 471 3070 nuno
494 3012 553 3070 lere
568 3015 632 3071 eine
646 3014 723 3071 idolo
743 3031 819 3088 opus
833 3013 957 3072 idolola-
1012 3019 1154 3090 imponens
1167 3025 1193 3072 et
1208 3024 1279 3071 retro
1292 3018 1416 3087 spectans
1430 3017 1511 3085 optus
1525 3013 1570 3066 est
1592 3007 1671 3081 operi
1696 3007 1771 3080 (tuo.
1796 3021 1835 3074 rx,

124 3101 188 3157 tria
200 3101 346 3158 incendiis
361 3103 485 3159 odorum
500 3106 696 3176 perpetratur,
711 3105 814 3177 ecquid
836 3107 957 3178 majoris
1010 3107 1066 3177 62).
1083 3129 1096 3156 a
1113 3106 1167 3162 844
1189 3103 1395 3162 4444444444444
1418 3117 1498 3158 eram
1513 3099 1582 3170 (54).
1600 3120 1611 3148 ι
1632 3099 1718 3154 Nemo
1732 3096 1837 3152 444444
1880 3101 1883 3112 ’

124 3205 223 3262 operes
236 3195 266 3246 et
279 3205 349 3262 erga
363 3191 508 3248 44444444
530 3191 683 3250 444444444
694 3193 743 3250 ⁸³?
758 3210 826 3252 nam
842 3193 957 3251 44444444
1011 3196 1133 3252 domicia
1146 3196 1249 3250 seruire
1261 3200 1350 3266 potest
1365 3192 1467 3263 (444444.
1480 3207 1520 3262 vr,
1535 3189 1591 3256 44).
1616 3187 1645 3243 Si
1660 3187 1705 3243 vis
1719 3183 1836 3241 Domini

123 3277 188 3334 sine
203 3276 282 3334 idolo
311 3277 486 3348 idololatria,
503 3295 593 3352 quem
616 3279 681 3336 sine
704 3280 828 3337 thurarii
850 3297 955 3338 merce.
972 3289 993 3357 c
1012 3283 1178 3356 discipulus
1193 3299 1267 3348 esse,
1283 3297 1399 3338 crucem
1415 3284 1497 3336 tuam
1512 3277 1609 3346 tollas,
1629 3281 1657 3333 et
1680 3273 1837 3331 Dominum

127 3367 228 3440 Ipsius
257 3367 323 3422 tidei
347 3367 559 3425 conscientiam
589 3384 789 3444 perrogemus.
818 3372 880 3437 Quo
909 3389 958 3429 ore
1013 3373 1146 3447 sequaris
1161 3387 1279 3428 neeesse
1294 3375 1350 3440 est,
1365 3369 1462 3440 idest,
1479 3365 1632 3440 angustias
1647 3361 1838 3420 etcrucixtus

127 3454 317 3512 Christianus
345 3456 497 3513 thurarius
520 3457 587 3530 (50),
603 3459 627 3514 44
641 3458 730 3530 ⁸‘per
752 3458 863 3532 templa
878 3465 957 3518 trau·
1013 3459 1149 3526 tuos,ch
1175 3475 1281 3531 corpus
1308 3459 1415 3524 sotum,
1438 3456 1516 3528 qnod
1543 3456 1574 3511 in
1598 3453 1718 3510 modum
1742 3449 1838 3506 crucis

123 3544 206 3614 sibit,
234 3545 383 3602 tumentes
404 3561 470 3602 aras
499 3546 633 3618 despuet,
648 3550 678 3602 et
694 3547 862 3605 exsuitlabit
888 3551 956 3620 (54),
1016 3555 1062 3606 444
1076 3551 1143 3622 (55).
1160 3552 1307 3616 Parentes,
1332 3547 1482 3619 conjuges,
1508 3543 1591 3600 liberi
1612 3545 1731 3615 propter
1745 3539 1838 3596 Deum

844 3693 946 3756 Varias
965 3693 1125 3756 lectiones.

158 3813 181 3849 ‘¹
199 3811 262 3894 Nisi
276 3814 341 3870 444.
379 3814 402 3848 ⁸²
418 3814 448 3870 ld
464 3814 543 3871 44444
558 3817 618 3886 liiq.
655 3817 679 3850 ⁶⁸
694 3817 789 3874 4444444
804 3818 895 3888 iuquit
911 3823 1005 3890 trop,
1028 3835 1065 3874 cn
1087 3820 1124 3874 ait
1137 3818 1330 3874 scribendum:
1345 3815 1448 3888 ecquid
1466 3811 1587 3884 majoris
1601 3827 1695 3882 opera
1709 3812 1755 3865 444
1769 3823 1840 3879 erga

123 3883 283 3954 damonia,
299 3901 389 3960 quam
403 3886 576 3944 4444444444
612 3888 637 3923 “
651 3887 681 3944 Si
696 3888 772 3944 44444
788 3889 880 3946 totta.
919 3890 942 3925 ‘⁸
956 3891 1118 3947 Deiunctus
1132 3893 1215 3946 4444.

856 4042 1117 4104 Commentarius.

122 4157 327 4226 curationibus,
344 4159 454 4216 babent
468 4159 517 4216 alii
532 4160 565 4216 de
584 4161 768 4232 pravioribus,
793 4160 853 4230 alii,
877 4163 957 4234 depe·
1014 4161 1252 4234 baptismales.
1707 4223 1712 4234 ,

122 4231 299 4299 curabimus,
316 4229 365 4284 4444
381 4231 413 4287 dc
427 4233 620 4304 negotiatione.
636 4234 738 4289 Nescio
764 4251 800 4290 an
818 4235 958 4292 assentiri
1049 4234 1106 4307 (52)
1132 4233 1219 4302 Quam
1242 4234 1410 4304 (4444444444
1437 4230 1583 4287 istotorum.
1614 4227 1732 4296 Proprie
1766 4239 1839 4278 usus

122 4301 248 4358 debeam
263 4301 409 4358 Ludovico
425 4302 460 4359 de
480 4304 521 4359 ba
543 4304 633 4360 Corda
657 4304 708 4376 qui
731 4305 884 4362 lectionem
901 4307 960 4379 pri·
1012 4323 1102 4374 voce,
1120 4312 1202 4362 notat
1215 4306 1294 4362 cuim
1310 4301 1471 4368 servitium,
1488 4301 1517 4357 id
1539 4305 1584 4356 est
1597 4295 1767 4354 servitutem
1782 4310 1841 4366 que

123 4389 215 4438 maru,
232 4371 515 4444 decimationibus,
533 4375 715 4432 retinendam
731 4379 891 4435 musetha
907 4379 958 4435 44.
1013 4376 1137 4452 gentiles
1153 4377 1260 4434 addicti
1277 4375 1468 4432 damonibus.
1485 4372 1573 4445 Atqui
1599 4366 1761 4425 famulatus
1774 4383 1839 4440 pro-

159 4445 220 4516 (48)
246 4445 390 4501 locutum
417 4463 533 4519 quoquc,
563 4447 818 4520 supervacaneum
849 4451 958 4507 lorsan.
1014 4450 1077 4524 pria
1100 4455 1144 4505 est
1169 4449 1285 4503 iliorum
1315 4446 1363 4518 qui
1394 4445 1533 4500 dicuntur
1558 4441 1728 4522 familiares,
1746 4439 1773 4494 id
1795 4441 1841 4494 444

123 4517 179 4573 erit
195 4516 388 4590 bicrepctere
420 4520 960 4590 quodnemonescit.Lanistamcsse
1013 4522 1099 4578 servi.
1116 4521 1216 4577 Sanco.
1232 4537 1277 4592 ep.
1295 4520 1339 4588 44,
1356 4525 1384 4573 44
1406 4516 1501 4573 Plaut.
1532 4516 1561 4571 in
1590 4512 1722 4586 Amphrt.
1740 4512 1840 4582 ltaque

123 4587 331 4659 gladiatorum
358 4590 537 4664 praelectum.
563 4593 593 4647 lo
608 4591 701 4664 gloss.
719 4592 827 4649 lanista
849 4591 958 4648 444444-
1014 4593 1137 4649 4444444
1161 4609 1224 4660 uox,
1241 4608 1277 4646 ne
1301 4590 1374 4646 servi
1392 4591 1563 4645 notarentur
1576 4583 1764 4652 contumelia,
1778 4587 1842 4640 eret

124 4679 174 4728 ru<
193 4655 376 4734 44444444.
390 4661 428 4718 ts
442 4662 493 4718 Pe·
1014 4663 1125 4720 44444
1139 4669 1168 4718 u
1184 4663 1343 4718 444444
1369 4679 1376 4717 ;
1399 4669 1428 4717 u
1455 4661 1513 4732 spu
1535 4656 1840 4714 reminiscebantur

158 4731 219 4803 (444)
236 4732 284 4786 Hie
299 4733 434 4790 curatius
445 4732 682 4804 odtucinlcrmis.
694 4731 851 4791 intormem
862 4735 956 4792 idolo·
1014 4741 1112 4809 patres
1126 4735 1261 4792 torrilias.
1279 4735 1345 4788 Luc.

123 4799 247 4858 latriam
262 4802 352 4873 dicit;
369 4821 434 4932 qum
449 4806 512 4862 eine
528 4803 589 4860 ulla
603 4804 708 4871 torma,
722 4805 782 4862 sive
797 4810 996 4876 4444444441)
1047 4807 1104 4879 (33)
1119 4807 1241 4877 AEdilicis
1256 4807 1344 4862 itlius.
1365 4802 1477 4858 AEdilcx
1502 4816 1553 4874 pro
1577 4799 1763 4867 edificatore,
1780 4811 1838 4853 uon

124 4873 235 4946 ligure.
251 4875 316 4931 aine
330 4875 408 4932 idco
424 4877 660 4950 transigebatur:
678 4875 739 4933 solo
755 4879 867 4936 scilicet
885 4880 955 4936 odo·
1010 4878 1117 4934 redium
1140 4879 1293 4943 duntaxat,
1309 4877 1359 4933 sed
1384 4874 1516 4946 cujusvis
1539 4874 1695 4928 structurae
1718 4874 1749 4926 et
1771 4883 1839 4924 mox

123 4961 191 5002 rum
207 4946 358 5018 incendio,
376 4949 527 5005 mensibus
542 4948 679 5014 arabicis,
694 4947 791 5017 thure,
806 4955 869 5007 Rro.
1011 4950 1152 5022 defunctus
1168 4966 1225 5006 uon
1242 4967 1293 5020 pro
1309 4951 1435 5016 mortuo,
1452 4945 1502 5002 sed
1520 4960 1571 5016 pro
1587 4959 1620 4999 eo
1636 4943 1686 5014 qui
1702 4941 1738 4996 ab
1753 4955 1840 5014 opere

159 5017 219 5100 (50)
237 5017 294 5086 Quo
308 5035 355 5075 ore
370 5019 543 5078 Christianus
555 5019 712 5078 4444444444.
734 5021 764 5078 Si
792 5022 858 5106 quis
883 5022 958 5080 banc
1012 5027 1105 5094 coapto
1121 5021 1300 5096 defungitur.
1316 5020 1388 5075 Pau.
1702 5082 1709 5096 ,

123 5086 374 5162 lectionemque
388 5108 461 5149 4444
476 5097 522 5149 444
536 5091 645 5149 4444444
661 5093 815 5166 agobardi,
833 5093 958 5152 retinere
1048 5094 1105 5164 (54)
1133 5093 1184 5150 Sed
1212 5090 1411 5150 coaditionalis
1435 5103 1521 5144 cram.
1552 5085 1781 5141 timendissimus
1803 5098 1838 5139 ex

124 5159 206 5228 velit,
223 5159 346 5217 omnino
361 5165 403 5220 sic
425 5163 589 5236 distinguat
604 5181 610 5218 ε
628 5187 642 5214 «
660 5165 722 5228 Quo
745 5181 794 5222 cre
818 5165 958 5223 Christia-
1013 5165 1112 5222 codice
1128 5165 1285 5238 agobardi,
1304 5164 1333 5218 in
1350 5176 1408 5235 quo
1432 5161 1475 5216 sio
1489 5157 1598 5230 legitur
1613 5174 1620 5213 ε
1636 5179 1650 5208 u
1668 5156 1759 5214 Nemo
1774 5169 1839 5211 ara-

125 5247 184 5287 444
216 5231 379 5298 thurarius.
404 5235 428 5292 si
446 5236 622 5308 pertempta
643 5235 806 5293 transibit?
835 5255 958 5309 quoore
1013 5243 1193 5294 tremorum
1211 5237 1408 5306 imponenset
1433 5235 1510 5286 retro
1533 5234 1670 5302 spectans
1692 5230 1840 5299 aptasset

125 5301 279 5360 tumentes
303 5323 369 5362 aras
390 5307 515 5381 despuet
538 5313 567 5362 et
580 5307 755 5378 exsufflabit,
772 5308 881 5380 quibus
896 5309 960 5383 ipsa
1013 5310 1108 5381 operis
1135 5317 1164 5365 et
1185 5307 1393 5365 conditionalis
1407 5319 1498 5360 oram.
1521 5325 1531 5350 ι
1557 5302 1671 5368 Ouae,ut
1683 5299 1840 5382 edidimus,

125 5373 306 5446 prospexit?
329 5399 343 5428 »
377 5379 459 5436 illias
482 5377 720 5435 commodissima
748 5380 926 5438 scriberetur
950 5400 957 5438 ς
1014 5381 1156 5452 distingui
1182 5387 1313 5450 oportere
1337 5379 1528 5434 manifestum
1551 5379 1604 5430 est.
1627 5368 1842 5430 conditionalis

127 5467 140 5496 4
161 5448 229 5512 Quo
255 5463 304 5504 ore
322 5447 509 5508 Christianus
533 5447 694 5520 thurarius,
719 5449 744 5506 si
772 5469 822 5524 per
850 5452 959 5526 templa
1013 5451 1122 5507 dicitur
1136 5469 1238 5508 corvus
1253 5457 1335 5508 certa
1352 5445 1514 5506 conditioni
1529 5445 1695 5516 adscriptus
1711 5446 1740 5498 et
1755 5457 1839 5496 mun·

126 5515 282 5584 transibit,
299 5521 447 5579 tumentes
459 5537 524 5578 eras
540 5520 700 5593 despuet»
718 5527 772 5580 ete.
788 5524 851 5580 ltro.
1015 5524 1140 5596 cipatus.
1158 5523 1177 5578 Ι.
1192 5541 1243 5590 vu,
1259 5523 1292 5578 de
1305 5524 1370 5580 lure
1384 5521 1453 5592 fisci.
1471 5517 1596 5574 totuarii
1612 5512 1838 5579 conditionales;

161 5587 224 5660 (54)
243 5593 279 5646 Et
301 5593 468 5666 4444444444.
481 5590 590 5650 4414444
604 5593 638 5646 44
655 5595 887 5650 exsufflationem
903 5595 960 5650 de·
1014 5595 1083 5651 Cod.
1101 5595 1210 5651 Tbeod.
1226 5596 1258 5652 de
1272 5595 1453 5658 Numeroriic,
1470 5589 1606 5654 44444444,
1624 5593 1678 5644 etc.
1694 5587 1756 5640 itrc.

127 5675 268 5731 monum,
284 5679 347 5790 Ἥρω
374 5667 406 5722 tit
428 5669 459 5723 iu
482 5663 655 5722 exorcismis
678 5671 745 5748 aute
766 5665 959 5740 baptismum.
1052 5668 1107 5737 (34)
1123 5667 1201 5736 occu
1216 5669 1244 5722 tn
1261 5667 1371 5724 modum
1390 5665 1480 5720 crucis
1501 5669 1550 5717 cst.
1577 5659 1656 5714 Hunc
1681 5655 1771 5710 tuisse
1795 5667 1839 5705 va·

128 5729 215 5788 Unde
256 5749 290 5790 su
309 5738 419 5812 pungit,
448 5761 462 5788 «
491 5738 554 5822 Qua
585 5741 750 5819 constantia
788 5739 962 5822 exorcizabit
1015 5743 1105 5795 terem
1135 5741 1310 5824 scripturam
1332 5736 1642 5816 arbitramumetqua
1662 5725 1836 5808 44444444-

129 5800 275 5861 alumnos
291 5823 370 5866 suos.
388 5831 403 5860 4
417 5807 458 5866 De
474 5807 583 5882 quibus
602 5809 740 5866 omnibus
754 5808 844 5867 letius
859 5811 910 5867 irb.
930 5809 963 5868 de
1015 5817 1127 5868 nactur
1141 5829 1170 5868 rn
1191 5818 1322 5884 antiquie
1336 5803 1551 5876 exemplaribus
1564 5803 1698 5872 uestigia,
1714 5811 1838 5870 persua·
