4156 6194
184 281 225 340 aa
847 282 1114 347 rennuentem
1136 283 1242 346 vira.
1379 245 1383 250 “
1854 281 1895 341 er

166 415 252 485 'quas
265 410 301 467 ad
314 409 396 482 fidene
411 413 573 470 ltiviaitatis
586 415 712 489 edebant,
728 417 758 472 in
780 416 915 474 thesauris
940 417 1013 475 titte·
1026 423 1055 492 Α
1070 416 1148 474 haud
1166 417 1254 474 dubie
1268 417 1467 490 scriptoribus
1491 415 1657 474 Ecclesiast.
1683 417 1787 488 prater
1807 413 1893 487 Apol·

182 518 280 556 rarum
295 509 417 572 manent,
433 520 483 560 nee
497 504 562 560 istae
576 520 650 559 nurtc
675 504 771 562 latent.
799 506 1013 564 Ptolemaeorum
1068 506 1180 566 lanium
1196 511 1365 564 Senatorum
1381 511 1410 564 et
1422 512 1454 564 B.
1465 507 1613 564 Victorem
1626 505 1732 563 Gracia
1744 503 1891 569 omnibus,

184 590 324 646 eradens.
357 591 448 664 (quem
477 592 691 666 Philadelphum
718 595 963 669 snpemorninant)
988 599 1013 652 et
1068 592 1893 670 Philonemdico,iosephumtquemrooatdntipnitatum

183 680 452 736 omntstitteratarae
475 683 677 754 concessimus,
709 700 772 741 earn
795 683 888 741 stvdio
908 685 1012 742 Bittio·
1066 685 1243 742 Iudaicorum
1257 687 1435 742 uerrrccvtunr
1450 686 1600 756 vindicem)
1624 683 1735 756 Apatna.
1752 698 1777 739 c.
1800 679 1843 746 19,
1860 679 1893 750 l;

181 768 255 824 tbrc.
267 770 445 826 Pisistratum
459 769 501 842 (ut
515 772 623 842 opinor)
636 765 830 848 aemularetur,
846 775 920 830 inter
934 778 1012 830 ecete-
1067 773 1101 830 de
1114 777 1217 832 Prata.
1234 775 1295 832 adv.
1313 774 1410 833 heret.
1426 793 1451 832 c.
1467 775 1523 844 32;
1550 774 1568 830 l.
1596 773 1658 829 adv.
1683 773 1787 829 Volent.
1813 787 1838 826 c.
1854 769 1891 838 53

183 875 220 914 ra
234 859 444 927 memoriarum,
459 861 557 932 quibua
577 865 626 917 aut
650 867 779 930 uetustas,
808 867 839 920 ut
866 866 1014 921 annositas
1069 863 1163 921 Canen.
1180 864 1243 921 adv.
1262 870 1347 922 hiare
1365 880 1390 922 a.
1406 865 1424 919 9
1439 886 1446 936 3
1465 865 1484 921 l.
1501 865 1641 921 dePraese.
1653 863 1714 920 adv.
1727 861 1795 919 haee.
1808 878 1832 916 c.
1846 861 1891 931 38,

182 949 283 1019 aliam
296 947 332 1004 ad
345 950 452 1020 samam
463 951 700 1025 patrocinabatur,
714 957 866 1026 cruppestn
878 955 1014 1010 Dnnetrii
1066 953 1086 1012 l.
1103 970 1132 1023 1;
1147 955 1255 1027 Apotop.
1273 971 1298 1010 c.
1314 955 1370 1027 35),
1398 952 1560 1029 appionem
1576 959 1605 1011 et
1617 952 1823 1026 hegesippum.
1839 950 1891 1007 tu-

181 1037 312 1094 Phulerii
337 1037 584 1096 Grammaticorum
620 1049 687 1098 tnnc
725 1043 929 1116 probatissimi,
967 1043 1013 1098 cvi
1067 1043 1155 1110 dnos,
1184 1041 1362 1100 Clementem
1386 1044 1562 1112 Romanum,
1587 1060 1621 1100 aa
1644 1047 1672 1097 S.
1697 1040 1891 1113 Polycarpum

176 1128 382 1200 prefecturam
407 1129 601 1199 mandaverat,
625 1121 709 1188 libris
731 1148 749 1189 a
774 1133 881 1190 lvdaeie
908 1146 1013 1204 qnoque
1066 1131 1203 1204 (quorum
1219 1131 1302 1190 illum
1319 1135 1507 1190 Romanorum
1521 1151 1540 1190 a
1553 1134 1645 1200 Petro,
1662 1131 1740 1187 hunc
1756 1147 1773 1184 a
1787 1130 1892 1186 tvenne

178 1216 346 1288 portatavit,
360 1219 490 1290 proprias
503 1220 607 1276 seilicet
630 1229 710 1294 etque
739 1223 902 1278 vernaculos
924 1223 1012 1278 Litte-
1066 1220 1571 1296 Snpmaernnnepiscoparerainoror
1591 1220 1745 1294 agnoscit),
1761 1223 1788 1274 S.
1805 1219 1891 1290 Igna·

178 1306 614 1378 ras,quaatatitrabebant.tirc
641 1311 708 1383 ipsit
735 1313 860 1369 enimet
885 1311 920 1368 ad
942 1313 1013 1382 iprae
1067 1309 1140 1366 tium
1155 1311 1381 1383 Antiochenam,
1407 1312 1436 1368 S.
1466 1311 1636 1384 Dionysium
1660 1311 1801 1381 Areopag.
1827 1305 1892 1362 Gul-

178 1409 290 1466 semper
311 1395 457 1468 Prophetae
468 1405 680 1470 peroraverant,
698 1401 804 1457 scilieet
825 1401 861 1456 ad
884 1400 1012 1456 domesti-
1067 1397 1184 1468 tiaram,
1201 1400 1321 1473 Papiam
1335 1395 1890 1474 ltierapolitanumEpiscopumAgrip-

180 1499 243 1540 cam
257 1485 310 1541 Dei
322 1493 432 1554 pentem
446 1503 483 1543 ear
495 1491 609 1560 patrum
622 1490 723 1560 pratia.
739 1489 853 1548 tlebraev'
863 1492 947 1560 retro,
964 1489 1013 1560 qui
1067 1505 1134 1561 pum
1149 1489 1311 1560 Castorem,
1327 1489 1496 1564 Dionysium
1513 1489 1740 1558 Corinthiorum,
1751 1485 1890 1542 Plinitum

178 1573 377 1631 nanetudaei.
399 1575 643 1644 lpiturettitterae
657 1578 787 1646 Hebraea,
810 1581 836 1633 et
860 1577 1010 1650 eloquiam.
1067 1593 1100 1634 ae
1134 1577 1302 1652 Philippum
1331 1581 1483 1636 Cretenses
1512 1579 1688 1652 Episcopus3
1719 1577 1889 1647 Musaeum,

180 1661 598 1732 Sednenomiavaearet,troe
625 1681 730 1738 quoque
758 1667 907 1724 Pmlemaeo
926 1671 1012 1724 atu·
1069 1666 1241 1738 Modestum,
1258 1669 1445 1726 Pantbenum
1461 1667 1700 1738 Alexandrinum,
1717 1665 1888 1722 Rhodonem

180 1751 256 1810 ann
268 1753 456 1823 subscriptum
475 1757 525 1822 est,
550 1754 731 1827 Septuapinta
758 1755 864 1814 duobus
892 1757 1010 1828 interpr.
1068 1755 1220 1812 Asianum:
1251 1757 1440 1830 Serapionem
1466 1762 1495 1815 et
1531 1757 1682 1813 Procntvnr
1719 1754 1888 1827 quemdam,

179 1841 304 1898 indultis
314 1861 325 1910 ,·
340 1858 406 1915 quoa
422 1844 597 1900 Menedemus
609 1860 716 1917 qaoque
728 1846 920 1918 philosophae.
944 1846 1011 1901 Pro·
1028 1803 1049 1870 Β
1065 1861 1152 1916 quem
1170 1850 1252 1901 vocat
1273 1847 1437 1918 eloquentiae
1463 1845 1627 1902 Christianae
1655 1844 1825 1916 dipnitotern,
1852 1842 1889 1897 de

179 1930 474 1990 ridentiaevindendc
497 1935 642 1992 sermatiae
660 1937 855 1991 eomnranione
875 1937 1008 2008 suspecti.
1066 1950 1123 2006 quo
1149 1939 1248 2008 postca
1275 1935 1382 2005 latius3
1411 1939 1530 1992 Sextum
1560 1935 1686 2007 denique
1715 1932 1888 2006 Appionem,

179 2018 348 2092 affirmavit
362 2019 504 2078 haerebis
518 2024 603 2078 etiarn
618 2023 758 2080 Aristaee.
775 2025 816 2080 lta
834 2027 865 2080 in
885 2022 1011 2082 Graccum
1064 2023 1239 2091 Candidum,
1255 2026 1447 2096 Arabianum,
1465 2024 1636 2094 Maximum,
1651 2026 1680 2080 st
1697 2020 1887 2078 Heraclitum.

180 2111 448 2183 atpiumeaaperto
463 2122 640 2169 monumento
667 2115 789 2188 reliquit.
819 2115 905 2173 Hodie
932 2117 1011 2189 apud
1064 2112 1176 2176 Quibus
1191 2112 1296 2185 adjicio
1312 2113 1423 2186 primos
1438 2112 1505 2170 illos
1533 2117 1663 2183 ceteros,
1688 2111 1772 2168 Pout.
1803 2109 1887 2166 Rom.

178 2199 333 2272 Serapeum
343 2201 486 2259 crotenai
504 2202 677 2261 Bibliotheca
690 2220 755 2260 curn
777 2207 845 2277 ipris
870 2207 1011 2263 Hebraicis
1064 2203 1095 2257 in
1109 2202 1187 2258 Petri
1200 2202 1333 2259 cathedra
1349 2219 1522 2272 successores,
1547 2218 1672 2276 quorum
1693 2205 1810 2258 exstant
1836 2200 1887 2256 ltc-

180 2288 284 2345 titterrt
299 2289 561 2356 cohibentur.Quae
577 2292 664 2365 paulo
680 2293 823 2366 prolixius
843 2295 1009 2364 citavimus,
1065 2291 1198 2361 cratales,
1227 2309 1411 2365 quorumque
1438 2310 1502 2349 curn
1530 2295 1596 2349 hino
1620 2299 1645 2349 et
1668 2291 1741 2348 Cleto
1779 2293 1889 2345 Auctor

178 2378 325 2435 adeamus
340 2395 390 2436 eoa
404 2379 456 2452 qui
469 2381 673 2438 auctoritatem
690 2399 744 2439 axx
759 2384 882 2456 interpr.
899 2384 1011 2442 elevare
1066 2381 1219 2438 meminit:
1237 2383 1408 2450 hastilium,
1423 2383 1589 2450 malitium,
1605 2379 1803 2448 Alexandrum·
1824 2377 1890 2434 δὴ·

181 2483 241 2522 non
257 2471 395 2526 verentur
411 2469 459 2542 (8).
479 2469 511 2526 ln
540 2473 619 2527 Novo
646 2488 713 2527 vero
736 2473 925 2531 Testamenta
951 2487 1008 2532 neu
1066 2473 1135 2540 tum,
1153 2471 1353 2544 triemitonium,
1368 2472 1518 2544 lippinnm,
1534 2473 1627 2537 Pium,
1657 2470 1812 2538 Anicetum,
1838 2466 1891 2523 So·

179 2560 243 2611 tam
260 2555 374 2613 Latinis
388 2557 560 2628 Translitis,
576 2576 666 2631 quem
681 2562 791 2617 Gracia
804 2563 951 2628 veteribus
962 2581 1011 2622 co·
1066 2563 1156 2616 terem
1173 2560 1242 2616 item
1259 2561 1370 2634 (quem.
1387 2560 1465 2633 qvod
1481 2559 1594 2617 occasio
1608 2575 1671 2616 sese
1687 2574 1744 2614 non
1764 2556 1891 2622 offerret,

181 2643 405 2702 dicibususum
418 2648 586 2718 Auctorem,
615 2648 713 2706 uraca
736 2651 952 2724 doctissimum,
977 2669 1013 2710 ex
1067 2648 1277 2721 praetermisit),
1288 2653 1317 2706 et
1329 2649 1611 2721 Eleutherum,quem
1624 2647 1798 2704 benedictum
1811 2661 1892 2700 nun·

180 2734 318 2791 semiana
334 2735 400 2808 ejus
414 2735 564 2808 peculiari,
582 2739 618 2794 ab
633 2738 700 2796 aliis
715 2740 853 2798 omnibus
882 2741 1011 2800 multum
1067 2740 1164 2810 supet.
1181 2740 1259 2806 Quas
1281 2754 1385 2794 omnes
1413 2739 1510 2794 Gracc
1532 2737 1699 2808 scripsisse,
1726 2752 1761 2790 ex
1789 2733 1891 2790 eodem

179 2823 312 2879 subinde
328 2824 456 2895 diversa,
472 2825 663 2884 manifestum
678 2828 712 2885 lit
726 2854 733 2898 ;
749 2845 837 2901 quam
853 2831 925 2888 adeo
951 2832 1011 2890 dis·
1067 2825 1141 2899 stylo
1158 2826 1271 2897 Latino,
1289 2827 1337 2898 qui
1353 2825 1521 2899 interpretis
1536 2826 1669 2898 ejusdem
1683 2824 1808 2892 videtur,
1825 2839 1892 2879 cen·

181 2911 369 2985 erepentium
385 2913 414 2969 in
431 2914 556 2986 gratiam
572 2917 772 2988 protessorum
788 2935 939 2976 sacrarum
952 2921 1011 2976 hit·
1067 2932 1136 2986 sea;
1162 2920 1273 2990 utpote,
1305 2917 1353 2988 qui
1384 2914 1490 2972 melius
1518 2919 1615 2972 Graue
1640 2913 1783 2982 noverint,
1814 2913 1893 2968 sicut

182 3007 317 3057 terarum
339 3002 449 3076 ubique
478 3004 703 3075 annotavimus3
733 3023 822 3080 quam
847 3009 911 3080 jam
941 3008 1011 3066 olim
1035 3052 1040 3059 .
1067 3005 1156 3062 etiam
1171 3007 1199 3062 S.
1217 3008 1292 3062 tren.
1308 3022 1398 3079 quam
1415 3005 1524 3061 Latine.
1541 3006 1602 3071 Quo
1618 3004 1661 3070 tit,
1677 3007 1709 3059 ut
1736 3000 1792 3074 (vel
1816 3000 1892 3058 Rhe-

179 3090 274 3146 etiam
290 3089 429 3173 indicarit
443 3095 476 3149 B.
491 3094 592 3150 Ambr.
607 3095 667 3151 sive
683 3094 819 3170 quisquis
842 3103 944 3156 auctor
966 3103 1012 3156 est
1067 3113 1144 3153 nano
1167 3097 1337 3169 annotante)
1354 3112 1439 3153 nemo
1455 3094 1555 3150 mirari
1577 3094 1680 3151 debeat
1694 3091 1822 3148 Graecam
1837 3091 1892 3145 Aa·

180 3179 391 3236 Commentis
408 3181 500 3254 Epist.
519 3183 598 3240 Pauli
614 3185 649 3241 ad
667 3185 751 3242 Rom.
768 3203 793 3242 c.
808 3187 834 3244 5.
859 3210 873 3238 α
889 3178 1048 3246 ConstatG
1067 3186 1155 3242 cteris
1168 3185 1308 3260 loquendi
1324 3184 1577 3252 consuetudinem,
1594 3198 1660 3239 cum
1677 3181 1765 3237 etiam
1795 3179 1820 3236 si
1842 3177 1892 3250 qui

179 3267 465 3342 (iuquittquosdam
495 3271 615 3329 Latinos
637 3273 707 3330 olim
729 3275 765 3330 de
788 3275 935 3334 veteribus
962 3278 1014 3335 Η
1069 3271 1249 3330 inLatinam
1272 3274 1403 3346 linguam
1428 3271 1563 3328 translati
1591 3273 1700 3339 essent,
1731 3266 1831 3325 mallet
1858 3281 1893 3321 ex

181 3355 296 3414 Gracia
311 3357 464 3416 translatis
478 3360 640 3431 codicibus,
653 3379 728 3435 quos
738 3363 925 3437 incorruptos
942 3367 1013 3423 sim·
1069 3360 1199 3421 tontibus
1227 3363 1329 3419 bibere
1355 3361 1443 3435 (quod
1471 3360 1565 3433 aiunt)
1591 3375 1680 3432 quam
1702 3373 1737 3414 ex
1765 3356 1891 3413 lacunis.

179 3445 483 3520 plicitastemporum
509 3451 634 3506 servavit
659 3456 689 3507 et
716 3454 832 3525 probat.
855 3454 1013 3527 Postquam
1067 3452 1370 3526 Atquihocprimum
1400 3467 1477 3507 auno
1507 3449 1628 3522 quidam
1657 3447 1792 3504 scribunt
1815 3445 1890 3503 ldib.

180 3538 286 3591 autem
303 3535 451 3593 discordia
464 3538 570 3595 animis
585 3537 801 3599 dissidentibus
815 3547 844 3599 et
868 3543 1015 3601 hereticis
1068 3542 1137 3599 Maii
1152 3540 1201 3597 die
1211 3540 1348 3598 Natalitio
1363 3539 1480 3613 imperii
1496 3557 1514 3596 a
1529 3539 1634 3596 Severo
1661 3542 1736 3608 Imp.
1762 3532 1893 3608 appella·

184 3623 433 3697 perturbantibus
455 3631 591 3700 torquere
633 3631 811 3702 questiones
852 3638 1013 3705 eruperunt,
1068 3636 1287 3687 tumcesnrem
1302 3627 1487 3702 aspidium
1512 3627 1576 3699 ejus
1605 3626 1787 3682 Antoninum
1813 3623 1890 3696 apud

184 3712 284 3770 multa
299 3713 456 3772 immutata
470 3721 541 3773 strui
562 3718 599 3774 ad
623 3735 745 3776 sensum
774 3719 951 3794 humanum,
983 3727 1015 3780 ut
1068 3713 1890 3792 Viminatium,priuaquaminbetlumcontrattlbinum

182 3801 243 3858 hoc
257 3803 457 3861 contineretur
471 3805 501 3861 in
517 3804 634 3872 litteris,
659 3809 735 3880 quod
762 3809 875 3866 homini
900 3811 1013 3869 videre·
1068 3811 1310 3884 proficisceretur.
1328 3807 1536 3865 Verumtamen
1552 3807 1641 3862 etiam
1667 3804 1703 3862 ab
1728 3803 1811 3859 initio
1835 3807 1893 3858 Aa·
1986 3831 1989 3839 ·

181 3896 244 3949 tur.
262 3893 347 3948 Unde
363 3897 390 3949 et
404 3894 460 3966 ipsi
483 3895 573 3952 Greci
599 3896 728 3953 diversos
752 3897 869 3956 codices
893 3899 1012 3957 habent.
1068 3905 1189 3973 gustum
1210 3896 1279 3954 olim
1309 3897 1400 3952 inisse
1429 3900 1644 3968 nuncupatum,
1673 3893 1722 3952 st
1751 3897 1831 3965 patet
1858 3908 1893 3948 ex

183 3978 262 4035 ltlnd
278 3984 379 4037 autem
395 3997 495 4039 rerum
513 3982 650 4057 arbitror,
681 3988 798 4059 quando
825 3991 855 4044 et
878 3989 963 4060 ratio,
985 3994 1014 4047 et
1068 3986 1230 4061 Rescriptis
1245 3984 1471 4055 precedentium
1488 4000 1632 4040 annerum
1651 3979 1772 4038 nomine
1795 3978 1893 4036 Severi

181 4067 368 4137 historia,et
387 4072 546 4129 auctoritas
576 4073 795 4132 observabatur.
825 4076 898 4134 Nam
925 4078 1013 4136 hodie
1068 4074 1358 4146 ethntoninihvgg.
1389 4071 1622 4145 conspirationis
1650 4068 1767 4126 interim
1791 4067 1892 4124 Albini

181 4173 250 4230 qna
266 4157 428 4216 inLatinis
443 4161 867 4238 reprehendunturoedicibus,
879 4166 921 4223 sic
932 4167 1014 4225 inve·
1067 4167 1208 4224 adversvs
1221 4167 1359 4220 Severum
1374 4161 1429 4218 hoc
1444 4177 1521 4217 anno
1548 4160 1629 4217 lacta
1644 4156 1780 4216 meminit
1800 4157 1890 4212 etiam

180 4245 310 4303 ciuntur
324 4265 341 4305 a
355 4249 503 4308 veteribus
518 4252 624 4325 posita,
639 4253 853 4323 Terrenorum,
864 4255 1012 4316 Victorino
1065 4259 1174 4313 Auctor
1187 4254 1217 4311 in
1234 4252 1295 4310 hec
1310 4251 1416 4308 verba:
1435 4249 1509 4309 Unde
1524 4249 1610 4320 Casti,
1634 4248 1716 4318 Nipri
1736 4254 1762 4303 et
1784 4244 1890 4302 Albini.

180 4339 211 4391 et
225 4335 385 4410 Cypriane.
402 4361 418 4390 r>
446 4339 593 4398 Hactenus
617 4340 677 4399 ille.
701 4343 738 4399 tt
761 4344 812 4416 qui
841 4347 1013 4405 versabatur

179 4427 324 4494 praterea
337 4429 426 4484 noctu
438 4427 549 4501 diuque
563 4431 673 4486 Auctor
696 4434 795 4488 noster
819 4433 849 4489 in
873 4450 1011 4506 perseru-

180 4511 283 4570 taudia
299 4530 358 4572 non
373 4516 460 4572 modo
475 4532 548 4588 quoa
563 4535 654 4591 supra
669 4520 1011 4598 adduximuatlpologie·
1025 4549 1050 4614 D
1101 4522 1203 4594 §Viti
1223 4520 1415 4592 Quandonam,
1431 4524 1457 4576 et
1480 4522 1511 4576 in
1534 4535 1588 4592 qua
1614 4535 1708 4577 rerunt
1736 4521 1891 4589 tempestate

180 4617 249 4657 rum
265 4619 319 4676 pro
334 4603 393 4662 ude
414 4605 581 4664 Christiana
603 4609 793 4679 Auctoribus,
817 4612 868 4668 sed
892 4618 921 4669 et
943 4613 1010 4672 aliia
1066 4615 1192 4672 carmina
1206 4611 1335 4686 qudam
1354 4611 1495 4668 libaverit.
1511 4639 1545 4652 —
1561 4609 1604 4665 15.
1633 4625 1660 4666 a.
1684 4623 1783 4665 saxam
1807 4621 1890 4663 aare·

1314 4412 1390 4452 ΛΝΝΟ
1406 4411 1509 4451 voulut
1525 4402 1637 4450 cxcvsst.

215 4769 257 4840 (8)
272 4766 516 4826 Dissertationum
532 4769 567 4825 de
582 4770 663 4827 varia
677 4775 706 4827 et
719 4770 831 4828 incerta
845 4772 943 4830 indole
972 4773 1009 4830 ti·
1062 4778 1154 4850 prima
1167 4773 1285 4830 babeant
1299 4772 1382 4827 initia
1397 4778 1422 4826 et
1436 4772 1557 4826 recentia
1570 4772 1748 4836 rnairnenta;
1773 4767 1832 4823 imo
1859 4769 1888 4822 et

178 4843 305 4899 brorum
319 4839 493 4922 Tertulliani
507 4841 562 4897 Job
579 4841 728 4900 Salomon.
745 4843 867 4912 Samiam
883 4845 928 4901 vir
941 4850 1009 4904 ten·
1063 4862 1219 4921 superesse
1233 4844 1329 4900 varias
1345 4859 1435 4899 noras
1451 4843 1706 4915 interpretationes
1721 4845 1749 4898 et
1772 4839 1888 4965 piosaco

178 4915 277 4985 iiaper
289 4910 407 4968 consrlu
421 4911 516 4968 audax
530 4929 564 4968 aa
578 4915 653 4970 trite
669 4914 720 4970 riae
736 4932 794 4972 non
815 4914 889 4972 nihil
912 4915 951 4973 im
977 4935 1008 4975 a·
1063 4935 1189 4994 quarum
1205 4915 1320 4990 primus
1335 4919 1364 4970 et
1377 4919 1474 4970 certus
1489 4919 1591 4971 auctor
1606 4919 1651 4970 est
1674 4912 1773 4968 Tertut
1788 4912 1887 4978 ianus,

178 4986 270 5052 tiens,
286 4984 323 5039 ad
338 4981 450 5065 calcem
467 4999 526 5039 sus
541 4985 679 5042 editionis
697 4987 727 5042 in
751 4986 845 5044 lucem
895 4935 1007 5062 retain,
1063 4995 1099 5049 ab
1114 4990 1164 5048 illo
1188 5005 1225 5062 ue
1238 4987 1268 5042 iu
1284 5001 1386 5043 omnes
1407 4987 1522 5042 codices
1549 4983 1658 5042 latinos
1681 4983 1887 5041 dimanavisse.

180 5073 215 5113 ac
231 5055 381 5127 imprimis
396 5053 494 5111 videre
508 5059 552 5112 ast
566 5071 624 5128 quo
640 5057 731 5114 animi
747 5059 859 5132 impetu
874 5004 936 5117 Eae
948 5066 1007 5118 sta·
1062 5063 1100 5121 Ut
1115 5067 1148 5119 ut
1161 5067 1212 5128 ert,
1227 5057 1330 5116 sedulo
1346 5057 1505 5114 cavendnm
1522 5061 1597 5114 esta
1613 5057 1721 5130 duplici
1732 5070 1819 5128 quam
1830 5053 1888 5111 sibi

178 5135 264 5184 tuere
278 5127 396 5193 audeat,
414 5142 519 5200 nempe
543 5128 755 5186 'tertullianum
780 5147 830 5188 nee
849 5129 1008 5190 adhibuisse
1063 5135 1198 5208 proponit
1212 5135 1316 5188 auctor
1330 5129 1385 5186 iste
1400 5145 1497 5198 scopo,
1513 5129 1663 5202 vulgatam
1676 5145 1779 5199 nempe
1790 5143 1888 5183 saero-

176 5198 483 5270 praeeorcvdieet,nee
505 5197 635 5257 adbibere
657 5203 796 5271 tralatam
820 5207 914 5259 totum
938 5221 1006 5263 vero
1062 5205 1286 5264 rumlibrorum
1315 5202 1468 5257 tectionem
1499 5201 1661 5268 diffamare,
1690 5207 1887 5272 praetereaque

177 5273 207 5327 in
225 5289 261 5328 ea
275 5287 342 5326 esse
362 5275 393 5326 ut
407 5285 491 5326 suctu
518 5268 641 5328 latinam
660 5273 781 5330 cuilibet
803 5279 946 5332 extranea
968 5278 1008 5334 le·
1062 5293 1192 5336 asserere
1207 5293 1242 5331 ex
1256 5289 1315 5330 una
1331 5274 1493 5344 eademque
1507 5273 1625 5329 cilicina
1653 5273 1796 5345 quosdam
1843 5287 1887 5327 ro·

175 5343 308 5400 ctionem
324 5347 496 5412 anteponut3
511 5343 596 5413 quusi
610 5347 700 5418 preci
711 5345 779 5401 iibri
793 5347 844 5402 irto
855 5347 916 5417 jam
937 5353 1005 5404 tem·
1061 5351 1140 5407 disse
1155 5353 1286 5406 veterum
1313 5343 1416 5414 libros,
1440 5345 1540 5401 trenel
1568 5343 1713 5413 videlicet,
1742 5348 1793 5400 aut
1820 5289 1885 5399 gle-

173 5431 244 5541 pore
254 5415 365 5499 suerint
381 5429 433 5486 per
448 5413 598 5472 hereticos
626 5417 775 5489 depravati
789 5434 796 5482 ;
818 5433 910 5491 eoque
934 5419 1006 5476 iaci·
1062 5422 1178 5492 mentis,
1196 5435 1249 5475 nee
1259 5419 1323 5490 jam
1338 5417 1411 5473 satis
1426 5432 1492 5472 ease
1506 5433 1601 5473 cause
1617 5434 1669 5474 cur
1683 5433 1732 5473 eos
1757 5415 1881 5470 diversis

188 5504 237 5543 ins
252 5487 281 5542 rd
298 5483 329 5540 in
348 5485 514 5542 Latinorum
531 5490 629 5544 mente
644 5487 774 5557 hasiase,
791 5487 876 5547 tibris
900 5507 1005 5564 nempe
1061 5493 1242 5558 auctoribus,
1259 5493 1359 5561 utpote
1373 5489 1409 5544 ab
1426 5504 1484 5545 uno
1499 5489 1655 5560 contectos,
1671 5487 1798 5544 dividere
1818 5500 1882 5538 am-

173 5559 279 5616 latinis
294 5555 1003 5644 accedereprecipuampraatautiamrpotiorem
1061 5564 1140 5696 gline
1155 5576 1385 5638 perseveramus.
1409 5559 1474 5616 Vid.
1508 5562 1629 5618 Tertutl.
1654 5575 1742 5632 opera
1768 5569 1879 5612 recena.

173 5633 368 5708 ratmtatem,
383 5627 463 5701 quod
477 5627 656 5705 exemplaria
669 5631 762 5692 latim
775 5631 927 5708 sanquine
953 5649 1005 5693 aaa
1083 5636 1185 5708 emtor,
1201 5634 1290 5704 blata,
1306 5633 1386 5704 t828,
1402 5635 1423 5688 t.
1439 5630 1474 5701 V,
1487 5647 1518 5705 p.
1540 5631 1664 5690 res-eti.
1684 5630 1754 5686 hon.
