4102 6178
111 356 171 420 985
566 359 603 420 D.
626 359 675 422 LE
697 359 861 426 nonunt
883 355 1208 420 OBSERVATIONES
1230 357 1361 421 ΝΟΜ.
1692 444 1693 454 ¹
1754 362 1814 424 986

111 489 247 548 videlieet
260 489 377 564 plenam
394 507 428 548 ao
438 492 607 566 perlectam,
630 495 660 550 et
668 492 787 568 qualem
795 508 861 550 enm
873 507 937 568 eor·
952 497 976 562 Α
992 490 1123 564 pejorem
1138 507 1203 549 esse
1216 489 1356 564 bominis,
1373 507 1462 566 qnam
1478 491 1601 551 aliarum
1617 506 1727 564 rernm,
1738 509 1812 568 qne·

112 597 181 656 pora
196 582 344 654 psooando
365 584 550 641 nommeruit.
990 596 1054 637 rum
1072 580 1212 638 dominus
1236 584 1290 650 est,
1321 581 1509 640 morientium
1539 586 1568 639 et
1595 581 1812 656 resurgentium

145 671 175 726 Si
190 671 259 744 qnid
274 687 361 744 porro
375 672 423 730 bis
436 673 561 745 adjioere
575 673 661 732 nobis
677 690 728 748 per
739 678 766 732 te
777 672 874 744 lineet,
885 671 935 730 ob·
990 667 1199 728 uenditionem.
1216 669 1307 728 Homo
1322 687 1390 745 ergo
1404 670 1489 743 longe
1505 671 1609 744 potiori
1627 671 1706 742 jure,
1722 688 1811 745 quam

111 760 296 817 servabimus
311 760 365 818 boo
382 762 446 835 ipso
461 764 562 820 eodem
575 767 748 837 argumento
759 761 937 837 exponiset
990 758 1047 816 ills
1061 759 1149 816 debet
1163 763 1192 816 et
1207 760 1282 816 mori
1298 764 1326 816 et
1342 775 1503 834 resurgere.

110 850 252 922 praemiis,
269 850 343 907 bena
358 856 409 908 aut
423 852 498 909 male
519 853 549 908 in
565 853 620 910 bae
634 854 695 910 vita
710 853 806 926 agenti
823 851 935 908 bomini
1026 847 1082 904 Sed
1094 849 1208 920 rogabit
1221 848 1330 922 aliquis
1344 849 1490 923 quodnam
1511 850 1550 906 sit
1572 849 1723 908 oraculum
1740 851 1812 909 illud

111 937 218 994 debitis
228 937 617 1014 petitoinoulenterprobari
628 941 935 1012 bunolutnrnmejus·
990 935 1110 1011 Pythis,
1126 937 1163 994 ab
1178 954 1211 994 eo
1231 938 1378 996 citatum?
1398 939 1584 1012 Respondent
1603 938 1737 996 nonnulli
1757 940 1813 999 boo

111 1027 178 1081 dem
193 1025 322 1082 bominis
337 1029 373 1084 ad
388 1028 477 1085 vitam
495 1045 661 1104 regressum
677 1031 714 1087 ab
725 1029 891 1100 Ambrosio,
904 1032 936 1084 ut
990 1041 1065 1096 esse,
1082 1029 1159 1101 quod
1177 1029 1278 1086 abillo
1307 1029 1416 1086 ibidem
1445 1030 1568 1087 relatum
1599 1031 1813 1090 estzliomious

109 1130 164 1170 sno
193 1113 267 1186 looo,
298 1117 387 1188 atque
415 1117 611 1193 Athenagora,
640 1119 768 1176 Minnoio
787 1117 892 1186 Paline,
908 1121 937 1175 et
990 1119 1114 1174 omnium
1128 1119 1306 1175 morientium
1321 1121 1574 1192 strermprntiam.
1598 1119 1706 1177 Verum
1729 1119 1813 1178 nulla

109 1201 271 1271 Lactantio,
288 1207 539 1277 quemadmodum
556 1208 586 1264 in
602 1208 711 1266 nostris
728 1207 893 1265 dnillornm
904 1207 937 1264 ll·
990 1206 1104 1262 ratione
1131 1206 1159 1262 id
1190 1223 1207 1262 n
1243 1206 1346 1280 Pythia
1383 1208 1604 1279 pronuntiatum
1640 1209 1810 1283 probavere.

109 1291 173 1347 bris
188 1293 445 1352 dissertationibus
461 1295 662 1366 ostendimus;
675 1298 747 1370 quin
759 1297 818 1354 imo
828 1301 857 1354 at
867 1297 935 1354 inde
989 1294 1100 1351 Deinde
1114 1311 1183 1352 vero
1198 1295 1248 1351 ille
1263 1313 1320 1352 non
1350 1296 1424 1353 dixit
1450 1296 1497 1353 bis
1522 1297 1620 1354 verbis
1647 1297 1811 1355 renuntiari

109 1379 145 1435 ab
158 1381 261 1437 eodem
279 1381 428 1439 Laetantio
439 1384 634 1442 demonstrari
646 1387 751 1442 animm
762 1390 868 1444 nostru
878 1386 934 1443 im·
990 1382 1097 1457 Pythis
1111 1383 1284 1443 oraeulum:
1302 1386 1353 1441 sed
1369 1386 1448 1458 quod
1467 1387 1554 1443 bomo
1569 1403 1603 1444 ax
1619 1386 1727 1462 Pythia
1743 1402 1810 1443 ora·

110 1467 323 1527 mortalitatem
340 1471 488 1544 (Ambros.
504 1473 555 1531 lib.
579 1491 600 1530 11
614 1475 647 1531 rte
670 1475 736 1534 Fide
759 1477 936 1546 resonares
988 1470 1357 1546 eulodisoerepoteratse
1378 1490 1443 1531 esse
1466 1475 1597 1531 omnium
1622 1475 1811 1532 morientium
1926 1487 1929 1495 ⁴

109 1558 153 1623 12,
171 1574 238 1632 pag.
255 1560 346 1630 11473
362 1565 435 1618 tom.
453 1563 463 1617 1
478 1563 612 1636 Apparet.
624 1580 692 1638 pag.
703 1565 757 1620 475
770 1582 777 1634 ;
791 1566 933 1622 Diramat.
988 1564 1018 1617 et
1041 1563 1257 1635 resurgentium
1273 1561 1426 1620 dominum
1450 1564 1532 1638 (tom.
1548 1564 1570 1621 l.
1596 1563 1726 1638 Apparet.
1743 1581 1810 1639 pag.

108 1648 139 1702 ln
152 1648 275 1705 Ltclatl.
292 1666 356 1722 oap.
371 1651 418 1715 24.
434 1656 489 1708 art.
505 1652 533 1722 3,
549 1657 578 1710 et
592 1669 656 1728 onp.
672 1654 717 1728 29,
742 1659 797 1710 nrt.
819 1655 934 1723 5;t)s's-
989 1649 1186 1724 1170).Nobis
1213 1652 1313 1726 itaque
1342 1652 1414 1709 illud
1444 1653 1552 1728 Pythis
1579 1652 1731 1711 oraonlnm
1752 1672 1811 1712 uon

107 1741 175 1794 rsrt.
193 1739 222 1793 r'rr
236 1738 336 1796 iliano
353 1755 417 1812 oap.
434 1741 461 1811 7,
476 1744 530 1797 nrt.
546 1741 585 1814 2).
989 1737 1068 1796 alind
1084 1739 1211 1809 videtur,
1228 1741 1285 1798 nisi
1302 1740 1414 1799 celebre
1431 1742 1486 1800 boe
1500 1741 1647 1816 Apollinis
1670 1745 1810 1800 effatum:

950 1830 1073 1942 Bliores
1085 1831 1111 1886 ts
1124 1831 1235 1903 ipsam:
1250 1832 1285 1888 de
1309 1847 1367 1904 qno
1396 1830 1464 1888 alibi
1494 1831 1722 1906 disputavimus.
1738 1836 1811 1890 Con·

416 1900 574 1942 mmmm
594 1903 626 1941 ¹¹·
989 1916 1068 1974 sulto
1090 1923 1187 1976 nutem
1218 1919 1418 1978 Tertullianus
1448 1921 1592 1992 edjeeisse
1619 1921 1749 1979 videtur:
1768 1921 1813 1980 Vei

110 1988 215 2058 Quibus
229 1990 375 2061 exemptis,
392 2005 478 2062 quous
492 1992 605 2064 Pptlrr'se
615 1994 740 2064 oraculo,
764 1995 935 2066 oepbiloro-
989 2007 1070 2064 tuoto
1084 2008 1205 2080 Pythias,
1229 2009 1298 2082 qnia
1320 2010 1429 2084 templo
1453 2009 1603 2084 Apollonis
1627 2009 1734 2084 Pythii,
1753 2011 1814 2070 sive

146 2060 337 2188 {manga
350 2066 936 2208 gwmwzmewmffiffmlffl
989 2094 1135 2168 Delphini,
1149 2097 1227 2154 sient
1253 2098 1363 2156 ibidem
1391 2098 1610 2169 annotavimus,
1635 2099 1813 2173 inseriptum

146 2204 180 2258 ,ἢ
192 2204 344 2275 puppinum
360 2207 424 2262 ,Μ
437 2209 538 2264 ,mum
562 2208 753 2282 mmm&
769 2214 795 2266 αἱ
808 2213 937 2284 apposita
990 2183 1094 2241 luerat.
1115 2186 1174 2243 Gur
1199 2202 1280 2260 ergo,
1309 2187 1435 2262 inquies,
1460 2188 1666 2246 tertullianus
1693 2189 1814 2264 scripsit

145 2276 429 2344 arqnmentndilnat.
992 2276 1109 2348 Pyraia,
1126 2283 1155 2334 et
1170 2295 1227 2335 non
1254 2280 1363 2352 Pptlrs‘i,
1392 2295 1450 2353 qno
1476 2279 1538 2337 solo
1567 2280 1685 2338 nomine
1709 2279 1812 2355 Apollo

144 2401 937 2478 Quanqnsmsuperioribuaargumentis'l'ertullianns
992 2367 1811 2473 n⁰nn⁰¹qu⁸mv⁰llb⁸t⁰rm⁸iin.⁰ju⁸t²¹tupyt.mae’

992 2460 1163 2513 nonautem
1184 2459 1280 2530 Pytho
1309 2457 1465 2532 legendnm
1495 2462 1542 2528 stt,
1570 2459 1814 2531 respondebimus

110 2489 332 2548 evidentissime
361 2492 606 2550 demonstraverit
633 2492 780 2567 quoslibet
802 2494 938 2553 homines
991 2542 1213 2619 ideoappenari
1227 2549 1348 2620 Pythi&
1379 2549 1447 2621 quia
1470 2547 1574 2619 pythia
1596 2551 1678 2605 vate„
1700 2547 1815 2606 3012qu

110 2593 200 2650 posse
209 2578 419 2652 omnipotentis
430 2581 478 2637 Dei
489 2581 638 2639 voluntate
648 2583 938 2642 sxsnseitarinmor·
994 2631 1032 2644 ..

112 2671 150 2738 te,
168 2668 376 2740 quovismodo
392 2669 542 2743 oppetita;
567 2670 703 2744 pluribns
725 2677 824 2729 tamen
840 2690 937 2731 exem·
992 2629 1073 2690 ¹¹¹¹¹¹⁸
1087 2633 1118 2690 in
1134 2634 1242 2707 wm⁹¹⁰
1258 2635 1421 2693 wimari·
1437 2637 1521 2703 Num·
1544 2641 1578 2696 υἱ
1601 2636 1675 2694 “¹¹⁰³
1696 2637 1813 2695 ⁰mlllss·

112 2754 171 2827 plis
187 2755 249 2813 bano
263 2757 439 2815 eondrmare
463 2759 577 2816 nititur.
601 2760 657 2818 Sed
682 2761 871 2820 dissimulare
894 2764 939 2820 las
993 2737 1071 2791 Μ’
1088 2723 1115 2778 Μ
1131 2723 1185 2780 ¹²⁰⁰
1198 2724 1325 2782 Lumtii
1346 2726 1477 2782 mmm
1500 2720 1814 2802 “primiturlfflmt'

113 2844 200 2902 nobis
215 2861 273 2902 non
290 2853 335 2903 est
347 2847 402 2918 bis,
415 2853 517 2921 utpote
527 2865 585 2906 non
597 2849 718 2906 omnino
729 2850 862 2922 paribus,
873 2869 940 2910 oon·
992 2808 1044 2866 Μ’
1060 2829 1088 2883 v’
1103 2829 1132 2869 ν’
1150 2813 1212 2887 ¹¹3)
1227 2831 1234 2869 ²

112 2932 158 2990 tini
172 2949 232 2991 non
244 2951 330 3007 posse
339 2936 509 3009 perlaetam,
522 2943 550 2994 et
562 2939 694 2996 numeris
703 2939 842 2996 omnibns
852 2941 938 2998 abso·
1040 2953 1136 3020 Pythis
1149 2969 1209 3020 qna
1224 2955 1330 3020 tripode
1347 2957 1467 3008 anoebi
1482 2956 1612 3022 lauroque
1628 2959 1759 3022 protatur.

110 3021 208 3080 lutam
233 3023 370 3081 hnmanae
394 3026 617 3084 resurreetionis
644 3027 938 3086 demonstrationem.
1637 3057 1639 3062 ·

110 3113 148 3168 At
163 3111 202 3168 iis
217 3112 321 3169 saltem
337 3130 396 3170 non
412 3114 511 3188 inepta
526 3116 694 3173 oondrmari
714 3121 810 3189 potest
829 3119 940 3175 trustra
1028 3116 1217 3188 Prosequitur
1232 3116 1433 3174 Tertullianus
1447 3121 1537 3192 atque
1552 3120 1588 3176 nd
1612 3119 1816 3192 frangendam,

111 3200 304 3274 agentilibus
319 3203 420 3275 negari
431 3203 566 3261 homines
582 3205 618 3261 nd
634 3205 791 3279 pristinum
810 3207 939 3264 revocari
954 3239 975 3306 (r
993 3222 1026 3262 ne
1041 3205 1137 3278 magis
1153 3205 1306 3278 magisque
1321 3207 1527 3262 revincendam
1549 3205 1705 3278 gentilium
1720 3207 1817 3265 obsti-

111 3306 202 3362 posse
218 3295 372 3349 transacta
386 3293 451 3349 rita
465 3297 589 3351 statum.
966 3281 976 3308 ¹
995 3296 1156 3368 nationem,
1169 3294 1238 3352 illos
1253 3295 1309 3353 boo
1324 3296 1359 3352 ad
1375 3295 1537 3366 hominem,
1564 3303 1596 3354 ut
1618 3297 1710 3366 aiunt,
1727 3312 1817 3369 argn-

145 3380 312 3439 Praemissis
336 3386 435 3439 entem
458 3384 599 3440 adversus
623 3383 800 3442 morosiores
823 3385 941 3444 oritioos
995 3389 1094 3444 mento
1118 3384 1161 3442 sio
1182 3387 1275 3457 urget.
1293 3384 1414 3442 Certum
1430 3389 1484 3452 est,
1507 3385 1615 3453 inquit,
1637 3385 1703 3443 illos
1725 3386 1818 3445 onivis

112 3469 195 3528 bisne
208 3471 476 3544 observationibus,
491 3473 658 3530 audiendus
672 3480 717 3531 est
731 3475 857 3548 ipsemet
870 3477 940 3534 Ter·
995 3473 1171 3549 philosopho
1185 3473 1273 3530 fidem
1289 3473 1439 3546 babuisse,
1452 3472 1500 3547 qui
1511 3474 1818 3548 argumentationibus

112 3559 259 3618 tnlliauns
274 3562 425 3634 (Apoloqet.
443 3578 510 3635 esp.
531 3563 575 3633 48,
593 3562 646 3620 ool.
662 3563 727 3637 520)
740 3581 747 3621 :
760 3587 774 3616 κ
785 3565 940 3639 Signatum
995 3564 1186 3637 quibusdam,
1200 3567 1261 3620 tam
1277 3563 1428 3636 ingeniosa
1440 3579 1528 3636 qnam
1550 3563 1698 3636 eleganter
1711 3581 1817 3637 propo-

111 3654 168 3722 est,
185 3649 294 3723 inquit,
310 3655 340 3707 et
353 3667 406 3725 per
419 3650 529 3723 ipsum,
543 3651 677 3709 videlieet
687 3653 791 3720 Deum,
803 3653 941 3712 bumana
995 3652 1071 3720 sitis,
1086 3669 1193 3710 vanam
1208 3651 1376 3726 Pyibagorae
1391 3652 1427 3709 ds
1442 3652 1605 3710 animarum
1625 3653 1817 3728 transmigra·

112 3740 338 3798 resurreetionis
349 3739 868 3816 exemplumintestimoninmvobis.
880 3744 942 3801 Lux
995 3743 1075 3800 tione
1105 3741 1274 3816 opinionem
1303 3757 1490 3815 propugnare
1517 3744 1711 3800 sonabantur.
1741 3745 1817 3812 Quin

112 3829 248 3902 quotidie
259 3829 413 3887 interlsotr
423 3829 602 3904 resplendet,
618 3835 647 3887 et
660 3831 786 3888 tenebra
802 3831 865 3904 pari
880 3832 942 3890 vioe
995 3833 1083 3890 etiam
1099 3829 1200 3888 nnllus
1212 3848 1246 3888 en
1261 3829 1321 3888 illis
1349 3831 1495 3888 mordneis
1517 3831 1641 3904 Laberii,
1671 3848 1736 3889 eam
1750 3832 1817 3888 irri-

111 3917 939 3978 deeadendosnooedunt:sideradeiunotarevivisount.»
995 3921 1103 3988 dentis,
1120 3919 1371 3990 dioteriavaritus‚
1383 3921 1419 3976 nb
1430 3919 1543 3976 edenda
1553 3920 1633 3977 omni
1644 3921 1817 3978 animalium

112 4007 143 4063 In
158 4007 374 4081 manusoriptis
385 4008 495 4066 nostris
506 4008 734 4082 exemplaribus,
746 4013 775 4066 et
789 4008 876 4066 editis
891 4011 941 4068 iti-
995 4026 1082 4067 earne
1111 4009 1288 4081 abstinebat,
1316 4024 1351 4066 se
1381 4011 1454 4082 sorte
1481 4009 1623 4078 habolam,
1653 4010 1695 4064 nit
1721 4009 1818 4066 sdbno

110 4097 206 4170 gallio
222 4096 460 4169 antiquioribus:
476 4097 633 4167 Vinearum,
644 4097 672 4153 id
684 4101 739 4168 est,
751 4098 792 4154 uti
804 4114 839 4156 ex
847 4099 941 4157 Plinio
995 4095 1207 4165 Tertullianus,
1231 4095 1265 4152 ds
1292 4095 1385 4168 aliquo
1411 4112 1515 4169 proauo
1541 4112 1591 4153 roo
1618 4098 1771 4164 obseraret,
1788 4096 1817 4153 id

109 4184 218 4260 liquet,
237 4186 388 4243 virnflnnt
399 4185 485 4260 (Ptin.
498 4186 608 4243 librvn
621 4187 721 4245 linter.
736 4189 806 4244 llist.
819 4205 883 4261 cap.
897 4191 940 4262 10,
994 4191 1049 4258 est,
1066 4201 1103 4241 ne
1130 4183 1272 4242 bubulam
1295 4201 1414 4242 earnem
1442 4186 1632 4253 comedendo,
1661 4185 1816 4257 eujusdam

110 4292 178 4350 pag.
197 4275 273 4349 3⁴4).
289 4276 387 4350 Pergit
403 4282 507 4334 anotor
519 4281 636 4335 noster:
654 4299 668 4328 «ι
686 4278 831 4351 Tempora
847 4277 898 4334 nbi
910 4278 941 4335 d·
994 4274 1093 4349 proavi
1109 4273 1155 4331 sui
1172 4273 1335 4330 comederet
1350 4274 1491 4342 animam,
1508 4289 1596 4346 quam
1610 4275 1640 4330 in
1655 4272 1738 4331 bovis
1753 4290 1816 4330 eor·

110 4365 208 4434 ninnt,
231 4357 400 4438 incipiunt}
422 4365 536 4422 lruetns
560 4369 795 4435 oonsnrnnntur;
812 4388 827 4418 a
850 4365 940 4424 iidem
994 4361 1815 4438 pusmigrasseexistimabat(TertullApolopel.septb,

110 4453 939 4528 manusoriptinostriateditieodiees:«Consumman-
995 4453 1211 4526 ool.l2).Tam
1231 4451 1386 4509 ridieulnm
1413 4468 1479 4508 vero
1508 4451 1676 4525 opinionem
1705 4451 1817 4508 biare-

109 4548 169 4614 tur,
186 4542 367 4601 etredsunt.
390 4543 465 4601 881
491 4546 573 4602 Certe
597 4545 711 4601 semina
736 4545 854 4602 nonnisi
878 4562 940 4602 eor·
995 4541 1152 4600 lellendam
1172 4541 1221 4600 iila
1250 4558 1308 4597 non
1337 4541 1421 4597 (luxit
1449 4541 1563 4614 (ibid.):
1585 4540 1686 4598 nNam
1715 4538 1817 4597 multis

110 4639 213 4707 rupta.
229 4637 258 4690 st
272 4633 417 4691 dissoluta
437 4633 591 4691 leonndius
607 4638 752 4708 surgunt:
776 4635 875 4692 omnia
889 4652 939 4708 pe·
957 4615 978 4682 D
994 4633 1095 4704 etiam,
1109 4631 1217 4704 inquit,
1229 4630 1304 4702 ioois
1319 4635 1347 4686 et
1362 4631 1422 4686 otio
1438 4647 1514 4703 opus
1530 4629 1595 4698 erit,
1607 4630 1632 4686 si
1643 4628 1768 4686 volimus
1778 4629 1816 4686 ed

110 4723 229 4780 reunda
243 4730 407 4793 servantur,
424 4724 524 4780 omnia
536 4724 572 4781 de
582 4724 704 4780 interitu
716 4723 914 4780 reformantur
924 4745 938 4774 n
993 4721 1070 4778 hane
1086 4719 1354 4796 partemlasoivire,
1367 4719 1434 4791 quis
1447 4719 1476 4776 in
1488 4735 1577 4792 quam
1597 4718 1721 4776 bestiam
1739 4717 1816 4775 888

109 4810 560 4884 ‹Tartn11.dsttesnrrent.carn.
576 4829 641 4884 osp.
658 4813 712 4884 12).
737 4811 793 4869 Sed
815 4813 876 4869 baeo
889 4811 939 4871 ills
992 4810 1146 4867 reformari
1162 4808 1321 4865 videretur.
1340 4830 1350 4856 ι
1369 4807 1413 4864 Ita
1434 4807 1553 4880 quidem
1576 4805 1740 4881 Rigaltius:
1763 4807 1813 4864 sad

109 4901 221 4974 nraJ'ori
235 4900 392 4958 verborum
408 4901 587 4975 pomponiis
601 4900 631 4957 in
648 4901 724 4960 libro
738 4900 937 4973 prosequitur,
992 4899 1022 4955 in
1038 4898 1149 4956 nostris
1163 4896 1316 4953 oodioibns
1331 4896 1541 4969 manuscriptis
1556 4901 1586 4954 et
1598 4895 1685 4953 editis
1701 4895 1752 4952 illo
1766 4911 1816 4952 ve·

107 4994 137 5048 et
152 4990 277 5047 brevius
289 4990 436 5048 Minuoins
451 4990 539 5062 Felix,
552 4995 640 5064 atque
655 4990 775 5048 uberius
790 4989 936 5063 'l'beopbi-
990 4987 1165 5046 tustioribns
1182 4985 1326 5042 babetur:
1342 4985 1433 5042 ldnttia
1446 4987 1532 5043 etiem
1551 4986 1628 5055 toria
1650 5002 1684 5042 ex
1705 4984 1814 5058 quibus

107 5079 156 5136 lus
174 5067 937 5154 antiochenus,quemadmodumnlibipateleoimus
991 5079 1165 5150 argumenta
1191 5072 1228 5130 ad
1256 5072 1335 5130 bnuo
1364 5088 1493 5130 errorem
1531 5069 1724 5130 refellendum
1763 5072 1813 5129 de·

106 5171 270 5242 (nemrot.
284 5171 315 5226 tn
329 5171 428 5227 Aiane.
445 5187 508 5244 esp.
524 5171 553 5238 7,
569 5173 624 5227 art.
639 5170 679 5243 2).
991 5165 1087 5240 promi
1100 5166 1237 5237 possunt,
1251 5177 1287 5218 sn
1300 5163 1364 5230 otio,
1388 5161 1447 5218 sive
1471 5163 1538 5230 otio,
1561 5161 1813 5235 quemadmodum

135 5264 230 5315 Suam
238 5263 334 5315 antem
342 5259 627 5332 argumentationem
635 5255 936 5316 noster'l'ertullisnus
990 5253 1108 5328 seripsit
1118 5252 1242 5319 Plinius,
1252 5267 1287 5308 so
1295 5251 1441 5323 fooilipro
1448 5251 1544 5322 sodis,
1553 5265 1619 5324 opus
1630 5251 1684 5306 erit
1693 5248 1756 5323 (lib.
1768 5265 1811 5318 nr,

105 5349 153 5405 bis
170 5347 299 5406 absolvit
322 5349 419 5406 verbis
444 5349 591 5422 (Apoloqet.
616 5364 680 5420 esp.
709 5348 754 5419 ts,
783 5345 838 5404 ool.
869 5347 933 5418 s3):
989 5343 1129 5418 epistt).
1153 5339 1290 5398 Pluribus
1314 5343 1412 5396 tamen
1435 5338 1592 5414 legendum
1617 5339 1695 5396 band
1722 5338 1812 5396 dubie

106 5461 119 5488 a
136 5441 183 5495 Tu
200 5437 300 5506 bomo,
315 5443 430 5496 tantum
446 5455 564 5506 nomen,
579 5438 604 5494 si
621 5435 770 5510 intelligas
784 5440 812 5493 te
828 5437 935 5510 [qnan·
988 5432 1137 5490 videbitur
1150 5431 1227 5502 inor,
1245 5428 1353 5503 quibus
1376 5429 1488 5502 potius,
1513 5444 1602 5502 quam
1626 5426 1809 5502 argumentis

105 5531 155 5584 tus
167 5527 313 5584 nimirum
324 5527 389 5599 sis]‚
400 5527 444 5585 vel
455 5528 491 5584 de
501 5527 587 5584 titulo
598 5526 707 5601 Pythia
717 5526 844 5596 disoeno,
856 5526 935 5597 quod
987 5520 1179 5579 validioribus
1195 5518 1377 5592 explodenda
1391 5524 1455 5575 erat
1468 5518 1529 5576 buo
1544 5533 1665 5592 prorsus
1685 5514 1810 5572 ridionla

105 5619 147 5674 sia
160 5615 303 5674 dominns
315 5617 447 5674 omnium
459 5617 649 5674 morientium
661 5621 690 5673 et
704 5615 933 5688 resurgentium,
988 5610 1157 5684 Pythagora
1168 5611 1406 5680 sectatorumque
1415 5607 1479 5678 ejus
1489 5605 1598 5680 opinio.
1606 5605 1717 5660 Nomen
1727 5603 1807 5658 enim

105 5705 218 5764 adhoe
239 5705 384 5778 morieris,
414 5709 447 5764 nt
473 5705 598 5780 pereas?
614 5728 629 5758 n
656 5703 731 5761 Dioit
758 5703 933 5776 itaquenon
979 5696 1388 5775 jorboumrerbotosrs'uire
1412 5694 1518 5768 magis,
1543 5709 1633 5768 qnam
1656 5707 1723 5750 oum
1740 5691 1808 5750 lecu
