4152 6192
232 264 309 328 luet

560 397 676 456 catur
689 399 723 456 V.

265 485 474 543 Verumtamen
488 487 643 560 procedere
655 487 886 561 disputationem
902 491 938 546 de
953 506 1054 546 neces-

231 575 319 633 sarlis
333 574 402 632 lldei
416 591 474 631 non
498 580 544 632 est
570 576 707 649 otiosum,
730 577 801 650 quia
824 594 877 634 noc
891 577 1053 634 infructuo-

232 680 309 722 sum.
326 665 503 737 Loquacitas
525 665 556 720 in
581 665 774 723 edificatione
798 665 881 722 nulla
905 667 1013 739 turpis,
1029 667 1054 726 si

232 753 350 826 quaudo
365 752 471 826 turpis.
489 757 588 825 ltaque
602 753 627 808 si
642 755 678 810 dc
689 753 787 826 aliquo
802 755 879 811 bono
893 770 989 811 sermo
999 759 1053 823 eet,

231 858 281 902 ree
295 841 436 916 postulet,
465 842 644 898 contrarium
659 858 777 915 quoque
805 843 873 899 boni
894 858 1054 900 recensere.

233 931 307 999 uuit
323 931 402 988 enim
418 930 591 988 sectandum
608 929 657 998 eit,
671 931 767 1004 magis
788 931 972 988 illuminabis
987 931 1056 1004 (20),

232 1020 350 1093 siquod
368 1020 522 1076 vitandum
537 1019 577 1076 sit
595 1018 718 1092 proinde
732 1020 901 1093 digesseris.
918 1021 1056 1078 Conside-

232 1125 333 1167 remus
347 1109 439 1182 igitur
452 1109 489 1164 de
504 1108 709 1181 impatientia:
726 1124 762 1164 an
779 1108 857 1165 sicut
868 1109 1011 1182 patientia
1025 1109 1055 1164 in

232 1198 303 1267 Deo,
320 1197 362 1256 ita
376 1197 543 1255 adversaria
557 1199 621 1270 ejus
637 1198 667 1253 in
691 1197 858 1255 adversario
874 1201 975 1254 nostro
991 1203 1059 1254 nata

232 1291 320 1361 atque
335 1291 484 1360 comperta
509 1285 569 1356 sit;
599 1289 632 1342 ut
649 1302 684 1342 ex
712 1286 767 1342 isto
796 1291 948 1359 appareat,
968 1303 1057 1358 quam

233 1374 435 1450 principaliter
449 1374 518 1431 fidei
531 1374 712 1432 adversetur.
725 1375 797 1431 Nam
807 1377 886 1449 quod
901 1375 937 1432 cb
953 1374 1057 1431 amulo

510 265 774 332 'l'lllt'l'ULblANl
797 267 959 332 OPEltUM
980 269 1079 330 Putas
1101 267 1176 331 l.-
1192 270 1329 334 saulus
1351 269 1390 343 ll,
1413 269 1651 334 nocuerint.

1841 277 1905 340 libb

1067 402 1094 469 A
1110 416 1177 458 cum
1195 400 1319 470 malitia,
1333 404 1384 458 aut
1412 399 1557 458 malitiam
1582 403 1618 458 ab
1632 401 1808 475 impatientia
1820 409 1907 479 anepi-

1113 491 1220 560 comm,
1235 490 1336 548 deince
1363 489 1442 546 inter
1464 505 1497 546 se
1512 489 1706 562 conspirasse,
1721 496 1750 549 et
1763 492 1908 553 individuas

1113 577 1142 633 in
1159 591 1218 634 uno
1233 578 1325 650 patris
1354 578 1423 634 sinu
1438 578 1611 636 adolevisse.
1637 579 1749 636 etenim
1764 597 1844 652 qnam
1858 585 1908 655 pri·
2028 633 2029 650 ,

1113 680 1180 720 mus
1195 671 1338 734 senserat,
1354 682 1406 739 per
1424 683 1510 739 quem
1540 666 1709 740 delinquere
1732 668 1909 740 intraverat,

1112 754 1148 810 de
1163 771 1216 810 suo
1230 755 1427 828 experimento
1455 755 1526 827 quid
1555 756 1592 812 ad
1619 756 1793 828 peccandum
1808 758 1909 830 adjma-

1112 847 1156 900 ret
1169 843 1192 879 ⁴¹
1216 847 1346 900 structus
1361 843 1385 878 ⁶⁸
1400 845 1533 902 eamdem
1550 843 1738 917 impingendo
1763 845 1791 900 in
1812 845 1906 905 edinen

1113 931 1225 990 bomini
1247 932 1414 989 advocavit:
1445 937 1589 989 convente
1617 933 1718 989 statim
1745 932 1784 988 illi
1810 935 1909 1002 mulier,
2028 957 2029 962 ¹

1112 1037 1171 1077 ncn
1185 1026 1295 1078 temere
1309 1021 1431 1078 dixerim
1461 1037 1512 1094 pcr
1535 1021 1714 1094 colloquium
1742 1023 1831 1094 ipsun
1856 1025 1909 1096 ejus

1112 1109 1714 1183 aiflacteestspirituimpatienticiniecto,
1728 1113 1911 1184 usqueadec⁸⁸
2028 1107 2029 1156 i

1113 1214 1264 1270 uunquam
1294 1199 1413 1257 omnino
1438 1197 1640 1272 peccasset,'si
1656 1200 1686 1255 in
1701 1200 1724 1235 ⁸⁸
1737 1200 1912 1257 dicinointer·
2028 1203 2029 1218 .

1113 1287 1191 1344 dicto
1206 1287 1379 1361 patientiam
1404 1293 1603 1360 perservasset
1613 1289 1647 1344 ⁴⁸.
1669 1288 1742 1354 Ouid
1770 1289 1839 1362 quod
1864 1307 1912 1347 ncn

1112 1375 1255 1434 sustinuit
1270 1375 1335 1432 sola
1350 1381 1493 1433 renuente
1510 1395 1517 1446 ;
1534 1379 1585 1434 sed
1602 1377 1681 1451 apud
1697 1378 1785 1433 Adam
1801 1379 1912 1434 nondun

233 1465 284 1522 Dei
298 1469 471 1536 conceptum
487 1463 656 1537 aetatique
672 1480 730 1520 non
745 1469 792 1521 est
805 1465 935 1522 amicum
947 1465 998 1520 Dei
1011 1478 1058 1521 re·
1113 1465 1265 1537 maritum,
1286 1465 1418 1524 nondum
1431 1482 1517 1524 aurea
1533 1466 1588 1523 sibi
1604 1467 1758 1524 debentem
1771 1467 1822 1538 (22)
1835 1465 1913 1540 impa-

233 1553 303 1613 bus.
317 1553 424 1608 lisdem
440 1552 641 1609 discordleest
655 1569 764 1622 rerum,
776 1569 840 1625 quaa
856 1557 1059 1610 etauctomm.
1113 1555 1189 1612 tiene
1205 1555 1293 1613 etiam
1309 1556 1425 1614 tacendi
1441 1559 1495 1626 est,
1512 1573 1546 1614 ac
1559 1555 1582 1591 *Ἰ
1594 1556 1746 1614 traducem
1765 1555 1841 1612 illum
1851 1557 1913 1627 ejus,

234 1645 324 1698 Porro
351 1657 420 1698 oum
442 1639 521 1713 Deus
544 1641 685 1714 optimus,
714 1641 852 1698 diabolus
876 1642 1060 1698 econtrario
1114 1645 1317 1716 quodamalo
1331 1645 1472 1703 hauserat
1486 1644 1553 1717 (23).
1570 1645 1641 1702 lacit
1653 1647 1687 1702 ⁴⁸.
1703 1645 1780 1701 Perit
1791 1644 1872 1718 igitur
1891 1650 1914 1700 et

235 1729 384 1806 pessimus
396 1750 403 1800 ς
415 1729 481 1803 ipsa
495 1729 542 1786 sui
558 1729 728 1786 diversitate
744 1733 901 1798 testantur,
922 1734 1060 1787 neutrum
1114 1731 1190 1787 alius
1204 1729 1293 1787 homo
1309 1747 1361 1804 per
1375 1731 1591 1804 impatientiam
1616 1731 1758 1802 alterins;
1782 1732 1850 1804 perit
1861 1748 1915 1788 mor
2028 1745 2029 1760 ¹

235 1819 320 1878 alteri
335 1819 474 1888 laureti,
489 1824 522 1876 ut
534 1818 619 1876 nobis
631 1837 689 1876 non
705 1819 834 1894 magisa
853 1819 931 1878 malo
947 1818 1059 1893 aliquid
1114 1819 1219 1893 etipse
1247 1836 1299 1893 per
1326 1819 1542 1894 impatientiam
1571 1836 1658 1879 suam
1686 1820 1913 1894 utrobiqueocn-
2028 1847 2029 1876 1

235 1908 315 1976 boni,
331 1924 454 1980 quamn
478 1909 554 1965 bono
579 1906 691 1980 aliquid
717 1909 787 1967 mali
806 1908 954 1966 dietum³'
968 1907 1059 1966 unsri
1114 1908 1259 1967 missam:
1284 1913 1314 1967 et
1336 1909 1415 1967 circa
1440 1909 1492 1966 Dei
1520 1910 1785 1983 praemonitionem,
1803 1911 1829 1967 et
1852 1909 1916 1966 circa

235 1997 338 2070 possit.
350 1996 441 2067 Igitur
451 1995 564 2054 natales
574 1994 765 2068 impatientia
777 1997 834 2071 (21)
845 1997 946 2071 inipso
957 1997 1060 2055 diebu·
1117 1997 1226 2056 diaboli
1239 1997 1542 2071 circumscriptionem
1557 1998 1624 2072 (2⁴),
1641 1997 1722 2056 illam
1737 1997 1915 2066 servaremus
2028 1965 2029 2056 J

234 2085 264 2143 lo
278 2085 476 2159 deprehendo,
483 2085 547 2157 jam
558 2089 629 2144 tunc
640 2101 706 2143 cum
722 2087 881 2143 Dominum
892 2087 985 2144 Deum
996 2086 1061 2143 uni·
1118 2087 1244 2146 refutare
1266 2103 1323 2145 non
1348 2088 1511 2146 sustinens.
1525 2088 1599 2144 Hinc
1621 2087 1838 2161 primajudicii,
1851 2088 1915 2144 unda

234 2191 319 2232 uersa
334 2190 424 2247 opera
438 2189 502 2246 que
513 2175 639 2243 lecisset,
655 2174 778 2248 imagini
787 2175 894 2244 sua,id
905 2181 951 2233 est
964 2175 1062 2232 bomi-
1117 2173 1216 2232 delicti
1244 2175 1351 2248 origo;
1382 2173 1450 2232 hinc
1479 2175 1556 2232 Deus
1584 2173 1670 2231 irasci
1701 2191 1827 2242 exorsus,
1853 2173 1916 2228 unde

234 2264 265 2322 ni
278 2263 440 2336 subjecisse
452 2261 641 2337 lmpatienter
661 2264 731 2321 tulit
743 2265 822 2337 (Gen.
837 2264 892 2337 ru).
909 2264 967 2322 Neo
981 2265 1061 2321 enim
1116 2264 1262 2321 offendere
1277 2263 1365 2320 homo
1395 2263 1545 2321 inductus.
1572 2265 1643 2320 Inde
1655 2264 1687 2320 in
1702 2264 1760 2321 Dec
1773 2263 1861 2336 prims
1873 2278 1914 2334 pa·

234 2351 658 2423 doluisset,eisustinuisset;
675 2352 1061 2423 necinvidiesetbomini,sl
1115 2351 1228 2424 tientia,
1257 2351 1335 2410 unde
1358 2352 1523 2425 indignatio
1548 2354 1655 2427 prima.
1685 2353 1820 2420 Ouituuc
1841 2350 1913 2407 mele·

234 2457 292 2501 non
307 2440 460 2499 doluisset.
476 2441 800 2514 Adeo⁸⁹decepiteum,
816 2440 1058 2515 quiainviderat:
1115 2441 1243 2499 diutione
1266 2440 1330 2498 sola
1351 2446 1517 2508 contectus,
1542 2443 1578 2498 ab
1602 2439 1914 2500 animadversionisin·

233 2529 379 2587 inviderat
390 2530 492 2588 1287
520 2534 630 2600 autern,
654 2533 723 2604 quia
746 2529 890 2588 doluerat.
914 2529 1059 2601 Dcluerat,
1115 2536 1183 2604 petu
1197 2531 1227 2588 in
1242 2531 1358 2590 diabolo
1374 2531 1558 2604 temperavit.
1574 2533 1632 2589 Aut
1648 2531 1727 2604 qucd
1743 2530 1846 2588 crimen
1859 2532 1914 2585 ante

234 2617 454 2692 quiapatienter
464 2619 632 2690 utiquenon
642 2618 844 2686 tulerat.0uid
856 2619 1059 2691 primumlue-
1113 2621 1192 2677 istud
1209 2619 1606 2693 ‘’impatientiaadmissum
1621 2620 1737 2678 bomini
1751 2618 1915 2693 impetatori

234 2711 273 2765 rit
286 2707 335 2764 ille
348 2709 471 2782 angelus
486 2707 670 2783 perditionis,
685 2709 781 2767 malus
797 2726 833 2766 an
849 2710 872 2746 ⁸⁰
886 2709 1056 2782 impatiens,
1113 2711 1255 2766 Innocens
1282 2713 1356 2777 erat,
1385 2712 1414 2766 et
1431 2709 1490 2766 Deo
1505 2709 1541 2766 de
1555 2708 1689 2781 proximo
1705 2709 1823 2776 amians,
1837 2710 1863 2762 et
1874 2720 1915 2777 pa·

234 2799 389 2854 contemno
405 2810 553 2868 quarere3
578 2796 677 2870 palem
693 2813 762 2854 cum
776 2797 825 2868 eit,
839 2795 1055 2870 impatientiam
1114 2795 1206 2853 radisi
1221 2795 1353 2854 colonus.
1372 2798 1410 2852 ttt
1424 2796 1474 2854 ubi
1498 2795 1589 2854 semel
1603 2795 1732 2854 succidit
1744 2795 1766 2832 ⁸⁰
1780 2793 1915 2870 impatien-

938 2939 1040 3004 Varies
1061 2939 1222 3004 lectiones.

271 3048 293 3088 ⁸⁷
309 3047 415 3106 Favere
442 3049 573 3107 chwer.
593 3049 647 3106 MS.
684 3049 706 3086 ⁸⁸
720 3047 838 3105 Editum
860 3050 943 3105 l'rcc.
968 3049 1060 3103 Puris.
1085 3046 1195 3117 Riqolt.
1233 3047 1256 3085 ⁸⁰
1271 3047 1349 3104 ldeo.
1388 3047 1411 3084 ⁸⁰
1428 3049 1470 3105 aa
1490 3049 1566 3105 ebert
1589 3050 1692 3118 stacte.
1728 3049 1751 3084 ⁸¹
1772 3047 1825 3103 Par
1859 3059 1914 3101 can

235 3119 351 3246 Erimus
380 3117 542 3193 deliquerat
568 3120 651 3178 iiten.
674 3120 789 3193 primae
814 3119 980 3190 delinquere
1004 3118 1162 3174 intraverat
1186 3117 1250 3174 dod.
1269 3119 1380 3174 Parcet
1420 3119 1609 3194 ‘’adjutaret
1623 3123 1708 3178 Fran.
1723 3120 1811 3176 Peru.
1830 3061 1914 3174 dccc.

259 3189 289 3245 S.
344 3189 367 3226 ⁴⁸
385 3195 551 3249 instructus
573 3191 743 3250 Wramlls.
799 3192 915 3248 “Adeo
938 3193 971 3245 ut
995 3205 1159 3262 numquam
1186 3190 1277 3247 Wecu.
1305 3190 1361 3248 llS.
1417 3189 1486 3247 “ln
1507 3192 1583 3249 abest
1606 3194 1690 3250 Frcrs.
1715 3192 1804 3247 Poris.
1829 3189 1913 3260 fluct.

233 3260 475 3320 “presummat
489 3267 572 3320 Fron.
589 3263 678 3320 alec.
716 3264 737 3299 ‘⁷
752 3262 793 3319 Ad
808 3263 892 3320 Semi.
930 3261 953 3298 ⁸⁸
968 3259 1074 3317 Facit?
1096 3261 1156 3317 bct.
1178 3259 1243 3317 luc.
1268 3269 1295 3317 et
1315 3262 1387 3318 deest
1404 3263 1507 3320 Wousc.
1524 3263 1583 3322 llS.
1622 3265 1715 3321 ‘'Aut
1730 3261 1913 3336 quodcrimen

233 3335 300 3390 ente
311 3332 390 3391 istud
405 3339 473 3393 lac.
484 3336 565 3401 Quod
581 3336 691 3392 crimen
703 3334 789 3392 ciacc.
801 3337 875 3393 cicc.
913 3333 936 3370 ¹⁰
948 3332 1045 3390 semel
1059 3331 1218 3390 succubuit
1230 3333 1293 3404 clii,
1307 3337 1377 3390 luc.
1393 3336 1569 3408 conprobat.

960 3475 1221 3538 Commentarius.

231 3603 299 3674 jure
312 3601 456 3674 triplicem
472 3602 560 3659 habet
572 3601 859 3674 significationem,et
872 3616 973 3657 omnes
985 3601 1054 3656 Ter·
1070 3600 1092 3668 c
1110 3598 1162 3655 lib.
1179 3617 1188 3656 1
1203 3599 1264 3658 cde.
1280 3599 1363 3658 licre.
1379 3623 1394 3652 a
1409 3599 1527 3659 Natales
1537 3600 1700 3675 agnitionis
1711 3623 1727 3654 c
1741 3599 1829 3670 dixit3
1839 3595 1913 3655 etllb.
2028 3599 2029 3674 }

235 3671 360 3728 tulliano
375 3673 528 3730 convenire
543 3676 676 3746 possunt.
693 3673 802 3745 Prima,
812 3671 998 3746 prescribere
1011 3675 1056 3728 est
1109 3671 1252 3740 dePcllic,
1269 3696 1283 3723 a
1298 3671 1416 3731 Natales
1431 3673 1545 3730 muudi.
1562 3695 1578 3723 »
1593 3673 1684 3729 iliram

235 3743 391 3816 praefinire,
406 3750 440 3801 ut
454 3746 654 3817 prescriptum
670 3761 687 3800 a
702 3749 841 3803 testatore
851 3740 1003 3815 tempus,il
1012 3747 1057 3799 eet
1146 3743 1203 3815 (22)
1217 3744 1343 3800 llccdum
1356 3761 1437 3802 curer
1450 3745 1507 3802 sibi
1519 3745 1675 3804 delectere.
1689 3742 1800 3801 alludit
1815 3739 1848 3798 ad
1858 3755 1913 3819 conj

234 3813 589 3890 prefinitum.llrgo,cum
602 3813 1055 3898 Deustantileceritbanocirtu·
1105 3813 1394 3943 juguminteripeos
1422 3818 1533 3887 debita,
1554 3832 1619 3889 que
1648 3817 1726 3873 bona
1744 3815 1800 3872 tide
1822 3813 1913 3869 cxsolvi
2028 3849 2029 3870 i

232 3891 292 3942 tem
320 3885 411 3944 babes
426 3888 632 3961 compendiosa
648 3889 851 3960 prescriptum
866 3887 1063 3961 prefinitum.
1110 3891 1198 3942 ettam
1214 3891 1324 3961 aposto

232 3973 290 4032 que
302 3957 373 4031 quid
388 3959 498 4042 sentire
508 3961 544 4017 de
557 3959 608 4044 illa
622 3961 740 4044 debeas.
767 3960 866 4043 Altera
879 3957 1055 4030 significatio
1105 3959 1159 4031 J'ux
1174 3959 1315 4086 cosjcpia
1338 3957 1458 4044 pellenti
1468 3961 1670 4045 poscentique.
1688 3959 1754 4016 ilic.

233 4033 528 4116 eat,qnaqu1spost
550 4048 591 4088 rer
606 4031 707 4088 aliene
728 4047 939 4104 usucapionem
954 4033 1056 4086 contra
1073 4059 1077 4066 ·
1144 4030 1201 4102 (23)
1238 4047 1252 4088 c
1278 3977 1405 4088 reducem
1433 4031 1515 4090 tilam
1538 4048 1598 4106 ejus
1624 4031 1696 4104 qued
1710 4047 1728 4086 c
1741 4029 1816 4088 mclc
1830 4031 1913 4083 matc-

233 4117 350 4159 omnem
375 4102 438 4159 litis
453 4102 690 4176 intentationem,
707 4103 765 4160 sibi
788 4103 843 4159 boe
867 4103 952 4158 unico
967 4101 1054 4159 verbo
1108 4105 1161 4171 rot,
1190 4105 1267 4173 tacit.
1294 4105 1325 4159 ln
1350 4103 1480 4176 antiquis
1508 4102 1727 4178 exemplaribus
1752 4100 1863 4174 legitur,
1882 4092 1913 4152 ut

1338 3905 1372 3945 ue
1390 3888 1505 3958 voluit;
1534 3887 1623 3945 itaut
1638 3905 1726 3945 aures
1740 3886 1842 3944 debeat
1853 3899 1910 3938 con·
2028 3943 2029 3952 ἶ

233 4173 383 4240 consnllt,·
408 4173 506 4248 itaque
530 4176 580 4248 qui
594 4176 770 4246 prescripsit,
785 4173 877 4244 elidit,
894 4173 1056 4245 adimitque
1110 4173 1248 4230 traducem
1262 4175 1301 4229 cd
1315 4175 1404 4231 iltcm.
1418 4176 1499 4240 Quod
1514 4177 1568 4232 etsi
1583 4175 1655 4231 vitiu
1671 4191 1730 4231 non
1743 4174 1913 4236 cumulamen
2028 4195 2029 4204 κ

232 4260 349 4302 omnem
365 4244 509 4304 actionem
525 4241 682 4316 contra'ss,
696 4250 724 4301 et
739 4245 821 4302 litam
836 4261 1055 4328 quamcumque
1109 4245 1238 4301 ostendit
1253 4245 1325 4316 quid
1338 4246 1486 4303 sincerum
1497 4246 1598 4304 baberi
1609 4247 1715 4304 debeat
1732 4261 1738 4301 :
1757 4265 1771 4296 c
1787 4239 1912 4298 adtradu·
2028 4313 2029 4318 η

231 4317 401 4374 internecat.
428 4317 501 4385 Quid
528 4319 666 4390 argohoe
691 4318 778 4375 verbo
793 4316 1056 4388 compendiosius?
1108 4330 1170 4371 cem
1199 4313 1284 4372 illum
1311 4317 1374 4388 ejus
1401 4319 1479 4389 quod
1508 4335 1525 4375 a
1552 4317 1629 4374 malo
1651 4311 1911 4384 hauserattscitc

233 4387 1055 4472 Igiturliabescompendium,quoimpugnantespatien·
1108 4386 1205 4454 livam,
1235 4388 1342 4461 inquit,
1358 4389 1452 4446 solam
1468 4393 1642 4446 convenerat
1662 4389 1807 4456 Satanas;
1833 4382 1912 4466 selant

230 4464 303 4514 tram
318 4458 421 4529 elidas,
432 4460 456 4516 si
471 4465 586 4517 tantum
599 4461 690 4530 dicas,
705 4461 815 4518 Domini
827 4469 866 4516 est
876 4463 965 4515 uirtus
977 4477 983 4516 :
996 4477 1054 4531 quo
1108 4457 1258 4516 efflaverat
1273 4459 1376 4533 spiritu
1403 4462 1443 4518 im
1467 4461 1588 4518 atientia
1602 4461 1722 4518 inieotc.
1748 4462 1784 4516 at
1796 4456 1853 4526 illa,
1867 4469 1912 4509 rm-

230 4532 319 4587 verbo
335 4547 452 4588 emnem
482 4533 625 4590 actionem
655 4533 778 4599 adimes,
795 4548 852 4587 non
868 4531 952 4587 aliter
966 4535 1054 4602 atque
1108 4530 1222 4601 patiens
1241 4531 1330 4588 etiam
1352 4479 1479 4600 tacendi,
1497 4550 1616 4606 pravam
1639 4537 1756 4589 Satanae
1772 4525 1913 4602 suggestiu-

233 4600 276 4657 illi
292 4601 342 4671 qui
363 4603 577 4676 praescripsere.
592 4603 686 4660 'tertia
709 4608 738 4659 et
765 4601 883 4676 propria
906 4608 1053 4658 astruam
1108 4616 1174 4656 nem
1191 4603 1392 4660 transfuditiu
1420 4621 1510 4662 suum
1538 4606 1638 4662 Adam.
1665 4607 1771 4678 ltaque
1798 4595 1914 4673 ipealuit
2028 4663 2029 4668 ἵ

231 4674 411 4756 prescriptio
440 4675 469 4730 in
499 4677 563 4747 jure
586 4680 632 4758 est
654 4675 795 4748 exceptio,
819 4681 848 4730 et
867 4673 1055 4747 praescribere
1107 4673 1217 4800 peceati
1233 4675 1338 4758 tradux
1352 4675 1382 4731 in
1397 4677 1663 4748 Adam,exindaque
1678 4671 1914 4758 illumltecitejus·

231 4749 277 4801 est
290 4759 432 4870 exaspera,
447 4752 499 4802 aut
513 4750 712 4819 exceptionem
732 4761 889 4819 opponere,
918 4751 948 4801 et
975 4750 1053 4802 acto·
1127 4760 1172 4800 em
1188 4750 1298 4816 pcccati
1314 4747 1513 4817 adtraduoem‚
1529 4748 1583 4806 hoe
1597 4752 1653 4815 est,
1675 4747 1878 4804 administrum
1891 4741 1921 4808 st,

231 4831 292 4872 rem
306 4831 357 4871 exc
370 4817 555 4884 uder03bco
570 4834 658 4874 sensu
674 4816 724 4889 qui
741 4816 896 4888 sejudicio
911 4816 1042 4873 defendit
1105 4814 1246 4889 collegam
1270 4819 1448 4877 traducendo
1478 4821 1509 4876 in
1541 4835 1730 4878 communem
1761 4813 1912 4892 prosapiem

227 4889 257 4945 et
280 4887 391 4944 crimen
419 4889 449 4944 ic
476 4890 677 4946 adversarium
703 4890 854 4958 transfert,
882 4905 948 4944 oum
977 4861 1051 4945 illud
1107 4893 1234 4960 peceato.
1251 4889 1315 4945 ttrc.

227 4957 454 5026 retollit,dicitur
472 4961 637 5018 edversario
666 4977 720 5017 suo
750 4959 948 5034 praescribere.
975 4961 1088 5032 Erch
1139 4959 1196 5030 (2l)
1217 4963 1255 5018 Et
1291 4962 1364 5016 circo
1388 4959 1493 5018 diaboli
1511 4963 1810 5032 circumscriptiones.
1840 4955 1913 5012 Dece·

227 5030 1047 5104 nabesccmpendium,qcoproscribastuisadversariis.
1104 5030 1231 5102 ptionem
1255 5031 1403 5104 intelligit,
1426 5049 1485 5105 qua
1506 5032 1641 5090 diabolus
1665 5037 1753 5090 Evam
1770 5033 1913 5088 circumve
2028 5025 2029 5044 ¹

228 5102 309 5167 Quod
328 5101 383 5159 lroc
398 5104 628 5174 compendium?
646 5103 744 5162 Virtus
758 5109 804 5161 est
819 5103 879 5169 Dei,
894 5119 959 5159 eam
972 5109 1048 5161 Deus
1103 5107 1203 5158 neret:
1229 5101 1306 5158 hano
1330 5103 1457 5160 refutare
1472 5104 1597 5162 debebat
1610 5106 1716 5162 Adam.
1739 5095 1914 5161 Circumscri-

229 5173 328 5301 ωιὲὁιί
343 5175 442 5238 babet.
466 5177 541 5233 Deus
555 5177 586 5233 in
600 5175 759 5248 semetipso
772 5174 961 5232 circumtulit.
980 5176 1046 5232 Lac.
1102 5174 1170 5229 berc
1182 5175 1315 5245 decipere
1335 5174 1492 5248 significat.
1509 5181 1543 5232 Et
1556 5177 1685 5234 Ciceroni
1697 5169 1913 5232 circumactum
2028 5177 2029 5182 ’

263 5245 272 5318 (
312 5246 320 5317 )
336 5247 421 5316 liscio
431 5248 615 5305 illuminabis.
635 5251 705 5303 Vere
720 5251 833 5321 spectat
847 5247 882 5302 sd
897 5245 1046 5303 illumina·
1101 5255 1237 5316 secutum,
1253 5250 1297 5302 est
1309 5248 1481 5304 auctoritate
1498 5253 1633 5305 senatum
1649 5249 1773 5320 privare,
1799 5244 1912 5321 tractet

226 5316 322 5375 tiones
343 5319 506 5376 rhetorum.
532 5321 633 5390 ltaque
657 5335 715 5374 non
743 5319 830 5376 audio
845 5317 922 5382 illos,
946 5318 996 5389 qui
1012 5319 1048 5374 de
1103 5317 1193 5374 labris
1207 5322 1258 5374 aut
1273 5317 1420 5391 chirurgia
1440 5321 1619 5392 metaphora,
1636 5320 1684 5394 qui
1696 5319 1762 5392 qua
1778 5315 1911 5389 precisun

228 5388 375 5460 baptismo
395 5392 492 5448 neseio
520 5392 588 5456 quid
620 5391 745 5462 tingunt.
774 5390 838 5446 Scio
867 5389 1046 5462 baptismum
1102 5395 1183 5458 eunt,
1209 5389 1291 5462 prius
1315 5389 1572 5449 circumscribunt.
1597 5393 1632 5449 tit
1653 5407 1757 5447 rerara
1775 5385 1859 5461 primi
1873 5399 1912 5470 pa·

225 5459 470 5519 illuminationem
487 5463 556 5526 dici,
582 5464 656 5518 teste
683 5462 772 5518 etium
788 5460 899 5530 Paulo;
926 5462 977 5517 sed
1000 5460 1047 5518 bic
1101 5466 1198 5519 reniae
1214 5461 1305 5518 nostri
1323 5461 1470 5518 adiabolo
1485 5467 1557 5520 sunt
1583 5461 1811 5534 circumscripti,
1837 5469 1911 5535 cujus

226 5533 488 5606 succrescitque
507 5534 542 5590 de
559 5530 714 5602 baptismo,
741 5532 887 5588 insulsum
904 5537 959 5588 ost.
980 5531 1046 5588 Lac.
1102 5536 1167 5589 astu
1184 5532 1220 5588 ds
1234 5532 1368 5605 paradiso
1384 5535 1548 5606 sunlejscti
1561 5540 1648 5608 atque
1662 5533 1764 5592 exsilio
1782 5532 1910 5592 damnati,

259 5602 316 5674 (2ll
332 5603 443 5662 Natales
471 5606 665 5678 impatientia.
696 5601 831 5675 Appellat
859 5603 1047 5675 impatientiae
1101 5603 1181 5662 omni
1194 5603 1262 5675 jure
1277 5605 1473 5677 possessionis
1487 5606 1544 5665 sibi
1559 5607 1705 5681 adempto.
1723 5605 1815 5662 ausc.

224 5672 350 5744 natales,
375 5675 518 5749 originem
542 5675 603 5736 sive
627 5672 746 5735 initium
769 5673 972 5748 impatientia.
999 5674 1047 5734 Sic
