4102 6178
157 269 214 358 asr-
608 265 644 325 n.
662 215 715 328 aa
738 259 902 328 uouaar
924 257 1250 324 aasuavarrouas
1272 257 1402 321 sors.
1695 211 1698 222 ⁸
1800 258 1863 324 saa

156 413 202 456 me
221 437 346 456 .....
362 395 447 452 Prior
460 399 558 452 autem
575 395 681 468 abysso
696 395 793 468 genita
808 409 886 450 sum.
900 413 914 444 a
932 391 979 447 sio
993 395 1021 460 Α
1036 391 1087 447 sed
1104 393 1221 446 tantum
1236 390 1272 446 de
1286 388 1406 446 domino
1421 392 1495 446 erat.
1521 387 1662 462 Exemplo
1678 387 1771 462 igitur
1787 393 1861 447 sunt
1897 415 1901 426 ·

154 491 252 542 autem
276 483 325 542 ille
348 485 417 541 inde
442 487 665 557 argumentatur
681 483 813 557 (Tertull.
830 483 893 540 acto.
910 483 978 536 lter·
1035 495 1099 551 qna
1112 479 1147 536 ad
1164 477 1376 535 eoniumndum
1388 477 1601 551 Hermogenem
1617 477 1747 535 adhibet.
1761 479 1863 551 cujus·

152 573 377 648 moq.eap.18):
391 577 563 646 «Agnoscat
578 589 647 646 ergo
662 571 860 644 Hermogenes
871 569 979 626 ideireo
1034 567 1105 625 libet
1120 571 1230 633 autem,
1247 565 1307 624 sire
1321 568 1410 624 oresti
1425 566 1486 624 alus
1499 565 1622 624 inoreati
1637 568 1729 640 patris
1743 571 1772 625 et
1783 567 1863 640 judi·

152 665 240 722 etiarn
257 661 398 736 Sophiam
425 662 472 718 Dei
490 665 589 718 uatem
611 664 640 717 at
653 661 800 718 conditam
817 656 997 733 praedionri,¹
1034 655 1087 726 eis,
1114 656 1247 730 exempla
1261 656 1295 712 ad
1313 657 1377 729 eJus
1393 658 1577 730 propositum
1597 656 1708 729 pariter
1721 657 1863 715 oonduoe·

153 771 189 810 ne
205 752 277 826 quid
288 751 425 807 innatum
435 755 464 808 et
474 749 655 807 inconditum
667 753 769 823 prater
781 749 878 806 solnm
890 753 979 804 Deum
1034 747 1115 802 baut.

151 841 349 898 erederemns.
367 837 488 896 Sienim
503 839 581 894 intra
594 838 751 894 Dominum
764 838 890 910 quodvex
903 837 979 910 ipso,
1069 836 1138 892 Esto
1164 839 1275 900 tamem
1295 837 1323 890 et
1346 835 1550 905 concedamus,
1570 833 1596 891 si
1617 834 1707 903 lubet,
1722 833 1807 892 illurn
1828 835 1864 892 de

150 935 180 987 et
194 929 224 986 in
241 931 305 1002 ipso
322 927 388 996 luit,
404 927 467 984 sine
482 927 567 984 initio
582 945 639 984 non
657 927 721 996 luit,
741 927 850 999 Sophia
868 925 981 983 soilioet
1033 924 1174 981 verullae
1195 925 1277 981 Patre
1302 925 1426 996 ejusque
1450 923 1522 981 Filio
1547 923 1639 995 loqui,
1654 925 1800 996 numquid
1816 923 1865 982 in·

150 1019 257 1092 ipsius,
272 1017 377 1075 exinde
389 1023 458 1073 nata
473 1020 500 1073 et
512 1017 639 1084 condita,
656 1034 691 1073 ex
706 1033 763 1089 quo
779 1017 809 1072 in
824 1032 913 1072 seusu
928 1014 980 1071 Dei
1034 1014 1116 1070 iloias
1131 1014 1173 1070 ire
1188 1014 1283 1085 potuit
1306 1013 1390 1069 illum
1408 1029 1461 1070 suo
1481 1013 1561 1070 Patri
1577 1029 1642 1070 esse
1657 1013 1864 1070 quaternum?

150 1109 186 1166 ad
203 1125 292 1181 opere
306 1105 410 1164 mundi
425 1104 609 1177 disponenda
624 1106 711 1179 coepit
733 1105 837 1179 agitari
854 1123 861 1175 ;
886 1104 979 1161 multo
1034 1103 1136 1162 Nonne
1149 1101 1220 1160 satis
1234 1118 1381 1176 superque
1394 1101 1551 1174 probatum
1566 1106 1612 1158 est
1625 1117 1714 1176 quam
1725 1101 1865 1175 protelare

149 1197 246 1271 magis
261 1211 318 1251 non
334 1195 413 1268 oapit
426 1195 489 1251 aine
505 1195 588 1251 initio
603 1195 766 1268 quidquem
784 1195 885 1260 inisse,
901 1193 979 1267 quod
1034 1207 1068 1248 ao
1092 1208 1169 1264 sape
1193 1191 1394 1264 praedioaverit
1414 1191 1586 1248 Sermonem
1600 1207 1653 1248 seu
1669 1189 1775 1248 Filium
1802 1189 1864 1250 Del.

150 1291 235 1343 extre
245 1284 403 1341 Dominum
417 1283 513 1341 luerit.
527 1303 541 1334 s
563 1283 605 1339 lbi
627 1300 697 1340 saue
707 1282 921 1353 Tertullianus,
937 1281 981 1337 in·
1034 1281 1085 1354 qui
1100 1281 1196 1338 Patris
1212 1281 1258 1338 sui
1273 1281 1347 1337 ratio
1361 1282 1416 1349 est,
1433 1294 1550 1352 semper
1573 1280 1604 1336 ln
1623 1279 1674 1337 illo
1688 1279 1791 1349 fuisse,
1807 1295 1861 1338 nee

147 1375 262 1448 quieut,
284 1372 381 1446 palam
397 1377 546 1428 asseverat
569 1371 711 1445 Sophiam
727 1372 788 1428 eive
802 1371 854 1429 Dei
870 1370 979 1428 Filium
1034 1386 1166 1444 unquam
1177 1372 1258 1444 abeo
1269 1373 1486 1442 separatum,ao
1497 1368 1618 1442 proinde
1631 1385 1696 1426 oeae
1707 1367 1866 1427 aternum?

146 1479 207 1520 non
223 1461 316 1518 inisse
327 1461 391 1519 sine
410 1461 506 1532 initio,
517 1460 650 1534 illudque
670 1461 838 1534 aooepisse;
854 1477 887 1518 aa
902 1460 976 1520 851
1034 1459 1231 1524 Quamobrem
1246 1459 1298 1516 ubi
1310 1459 1382 1514 dioit
1396 1462 1516 1531 tempus
1530 1457 1633 1531 luisse,
1648 1474 1706 1531 quo
1735 1456 1785 1514 ille
1799 1473 1859 1515 non

145 1550 287 1626 Sophiam
303 1555 375 1608 tuno
400 1554 501 1607 natam
527 1567 561 1606 ao
585 1549 746 1622 conditam,
761 1551 879 1624 quando
893 1550 981 1624 eoepit
1033 1553 1106 1620 erat,
1122 1547 1163 1604 ibi
1178 1545 1281 1622 prooul
1299 1544 1389 1604 dubio
1405 1562 1511 1620 negare
1526 1545 1621 1604 noluit
1633 1546 1698 1618 ejas
1713 1545 1860 1605 sternite·

146 1642 184 1698 ad
203 1657 292 1714 opera
308 1640 411 1696 mundi
427 1639 610 1712 disponenda
627 1639 757 1696 insensu
774 1639 824 1696 Dei
840 1639 955 1714 agitari.
1032 1641 1103 1708 tem,
1120 1653 1209 1710 quam
1225 1636 1334 1710 sapius
1349 1635 1420 1693 alibi
1435 1635 1564 1695 asseruit
1573 1651 1608 1692 ao
1621 1639 1737 1694 tutatus
1751 1639 1807 1694 est.

182 1749 287 1805 Totam
302 1751 399 1805 autem
416 1747 491 1804 hano
506 1748 803 1820 argumentationem,
820 1753 849 1804 et
863 1747 978 1820 integra
991 1767 1016 1834 B
1068 1743 1145 1802 852
1161 1744 1232 1810 Quis
1247 1759 1327 1817 ergo,
1344 1743 1470 1816 inquies,
1486 1743 1641 1800 verborum
1656 1744 1721 1814 ejus
1737 1757 1857 1810 sensus,

146 1836 282 1896 lucteris
306 1835 400 1894 nestri
424 1836 512 1895 verba
526 1835 691 1903 retulimus,
708 1852 744 1894 ne
759 1835 837 1893 ullus
853 1853 907 1893 noe
922 1835 977 1894 ali·
1033 1833 1142 1904 quibus
1155 1849 1218 1890 earn
1243 1837 1304 1889 tam
1323 1835 1423 1906 aperte
1446 1830 1571 1890 infloiari
1599 1830 1745 1889 uidetur?
1767 1829 1860 1889 Nobis

146 1926 220 2000 quid
249 1929 300 1982 aut
323 1925 529 1982 dissimulasse
551 1930 602 1982 aut
627 1923 806 1997 promisisse
829 1930 977 1992 causetur.
1032 1919 1117 1978 troile
1132 1921 1251 1994 quidem
1262 1919 1454 1994 persuadebis
1468 1920 1541 1977 nihil
1551 1919 1632 1977 aliud
1644 1918 1701 1978 sibi
1718 1918 1858 1992 voluisse,

145 2016 248 2088 Neque
262 2015 351 2072 etiam
376 2013 634 2071 dissimulabimus
649 2014 710 2070 hae
725 2012 899 2072 Tertulliani
915 2015 980 2073 loos
1032 2025 1122 2082 quam
1146 2009 1213 2067 eliis
1237 2027 1326 2083 supra
1350 2009 1512 2082 θῑβῐῑῡίῐῑῦ,
1528 2009 1636 2082 quihus
1661 2008 1774 2066 dimi
1787 2012 1858 2066 i¹¹11⁰

145 2104 220 2161 adeo
233 2103 360 2160 obseura
374 2108 402 2160 et
416 2101 551 2159 diifioilla
565 2103 742 2176 quibusdam
765 2103 867 2172 videri,
885 2110 917 2160 ut
932 2123 977 2162 ar-
1032 2099 1190 2170 perieotam
1205 2099 1297 2156 luisse
1311 2097 1393 2155 illius
1408 2099 1727 2171 nativitatem,quando
1740 2097 1862 2155 Deusad

145 2191 363 2266 gumentationi
378 2208 413 2248 ex
439 2193 475 2249 ils
499 2192 594 2248 dueta
610 2191 683 2248 nihil
699 2191 778 2249 allud
796 2194 979 2265 responden·
1033 2189 1178 2245 mundum
1193 2189 1353 2245 oreandum
1378 2203 1536 2261 aggressus
1556 2191 1611 2245 est.
1627 2187 1756 2245 Tametsi
1775 2187 1856 2244 enim

144 2283 219 2338 dum
235 2281 415 2350 consuerint,
433 2281 490 2337 nisi
505 2280 553 2336 his
569 2281 737 2355 Hieronymi
747 2281 856 2349 verbis,
869 2282 978 2355 quibus
1033 2281 1119 2334 antea
1133 2281 1162 2334 at
1176 2293 1211 2334 ex
1225 2281 1343 2346 sterno,
1360 2276 1403 2333 nti
1418 2277 1614 2345 ostendimus,
1635 2276 1684 2333 hio
1699 2275 1791 2334 Filius
1806 2273 1858 2332 Dei

145 2369 290 2441 Helvidio,
305 2371 441 2442 ejusdem
457 2369 631 2428 Tertulliani
648 2370 706 2427 elia
720 2371 756 2426 de
771 2387 861 2428 eausa
878 2376 978 2428 auoto-
1032 2367 1500 2440 genitusiuerit;nondumtamen
1511 2363 1754 2422 exsterniPatris
1774 2364 1854 2432 sinu,

147 2459 268 2516 ritatem
285 2459 442 2532 proterenti
453 2459 814 2532 respondetflieronymus
829 2459 901 2532 (adv.
918 2460 981 2516 ilel-
1032 2471 1084 2512 seu
1101 2455 1262 2524 intellectu,
1279 2459 1422 2528 tanquam
1441 2469 1475 2510 ex
1499 2454 1564 2526 ejus
1580 2453 1711 2523 matriae,
1727 2451 1815 2510 vulva
1830 2456 1860 2509 et

145 2547 239 2620 viril:
264 2569 277 2597 ι(
294 2550 329 2603 st
353 2547 390 2602 da
414 2547 596 2604 Tertulliano
620 2547 739 2619 quidem
766 2547 978 2621 nihilamplius
1033 2544 1119 2601 eorde
1144 2547 1320 2601 exoerserat.
1343 2545 1417 2599 Ante
1432 2559 1479 2600 res
1502 2540 1594 2616 igitur
1617 2545 1730 2598 oreatus
1745 2539 1858 2598 neoni·

145 2636 226 2706 dioo,
243 2652 332 2709 quam
347 2634 482 2692 lloolesise
498 2635 649 2692 hominem
665 2653 723 2693 non
736 2636 841 2704 luisse,
851 2659 866 2689 »
877 2635 906 2692 id
922 2641 977 2706 est,
1032 2632 1091 2690 lius
1106 2649 1181 2703 esse,
1197 2649 1251 2690 neo
1266 2632 1381 2690 Patrem
1398 2631 1505 2689 habere
1520 2629 1858 2704 eognosesbaturltlnm

144 2724 176 2780 in
192 2724 291 2781 varios
306 2723 509 2780 haeretieorum
525 2741 639 2781 errores
655 2725 836 2798 prolapsum·
851 2726 907 2783 Sed
923 2725 979 2783 hoo
1032 2726 1132 2779 autern
1143 2723 1226 2780 Pater
1236 2721 1321 2779 illum
1340 2724 1420 2779 extra
1438 2736 1469 2778 se
1484 2719 1595 2790 emisit,
1609 2724 1680 2778 tuno
1694 2720 1759 2792 eJus
1774 2733 1859 2794 gene·

145 2815 302 2886 responsio
328 2812 828 2881 diltioultatisuoduasecatur,non
845 2815 977 2873 solvitur.
1032 2811 1188 2882 rationem,
1202 2817 1231 2868 et
1246 2810 1331 2868 illurn
1355 2809 1577 2867 reveraTllium
1602 2807 1653 2866 Dei
1668 2824 1744 2877 esse,
1761 2807 1859 2866 homi-

145 2906 223 2960 Nam
237 2901 439 2958 Tertullianus
462 2900 541 2960 huno
557 2902 665 2960 librum
681 2903 802 2976 scripsit
820 2903 916 2960 adhue
929 2919 978 2960 oa·
1033 2917 1085 2958 nee
1107 2915 1265 2973 agnosoars
1292 2901 1453 2973 ooeperunt.
1475 2895 1674 2954 Tertullianus
1697 2895 1798 2971 itaque
1825 2899 1859 2953 ut

143 2991 275 3048 tholieus
287 2995 316 3048 et
332 2990 465 3048 doalesia
480 2990 579 3048 homo.
596 2991 704 3048 Deinde
716 3007 794 3062 vero,
810 2991 927 3048 etiarnsi
947 2993 978 3049 in
1031 2989 1166 3047 frivolam
1181 2987 1373 3062 Hermogenis
1391 3004 1425 3045 ex
1439 3003 1508 3044 roos
1522 2987 1635 3044 Domini
1648 2993 1799 3057 sumptam
1813 2999 1862 3042 ar·

144 3081 244 3138 varios
269 3095 382 3138 errores
404 3079 550 3147 inciderit,
579 3091 678 3152 atqua,
697 3083 728 3136 ut
752 3079 853 3136 Hilarii
880 3081 975 3138 verbis
1033 3071 1855 3152 gumentationemeidoeoiuseverteret,dieipossearbi·

145 3175 451 3242 utamur,quanquam
463 3191 477 3222 u
490 3186 569 3226 error
580 3169 710 3226 hominis
719 3169 845 3226 detraxit
855 3170 975 3244 seriptis
991 3135 1013 3204 G
1031 3171 1125 3223 tratas
1140 3171 1185 3224 est
1207 3165 1299 3224 tuisse
1322 3169 1451 3238 tempus,
1469 3181 1527 3238 quo
1543 3179 1597 3222 neo
1611 3163 1704 3221 Deum
1719 3177 1784 3220 esse
1798 3178 1850 3236 pa·

145 3259 353 3332 probabilibus
370 3259 575 3316 austeritatem
593 3279 607 3312 a
634 3257 736 3329 (iliter.
768 3257 918 3315 Commeat.
946 3261 977 3316 in
1030 3261 1117 3324 trem,
1131 3271 1184 3313 neo
1199 3257 1263 3327 ejus
1279 3253 1384 3311 Filium
1400 3254 1533 3311 homines
1552 3253 1770 3328 oguosoebant;
1784 3251 1855 3324 quia

146 3346 244 3404 llattt.
261 3361 323 3418 oap.
340 3346 379 3418 5),
406 3361 459 3402 nos
482 3350 579 3402 tamen
607 3361 697 3418 supra
715 3345 900 3403 ostendimus
924 3349 975 3402 Ga·
1030 3345 1121 3418 hujus
1134 3343 1282 3417 generatio
1296 3342 1475 3400 etnativitaa
1490 3342 1563 3416 ipsis
1579 3340 1859 3415 compertaetagni·

146 3435 293 3492 tholionm
308 3436 343 3490 de
358 3433 457 3490 divina
471 3438 500 3490 et
523 3438 631 3490 aterna
646 3434 711 3490 Filii
725 3435 774 3491 Dei
790 3435 978 3508 generatione
1030 3437 1061 3490 ta
1076 3450 1134 3490 uon
1150 3433 1254 3490 iuerat.
1270 3434 1322 3490 Ast
1332 3431 1463 3488 ubieum
1478 3434 1670 3504 agnoverunt,
1682 3436 1763 3499 tuno,
1778 3429 1857 3487 siou-

147 3527 260 3598 dogma
274 3524 310 3580 ab
326 3522 386 3592 illo,
402 3521 462 3580 sive
476 3523 648 3595 orthodoxo,
664 3524 725 3580 sive
739 3524 875 3582 haretiou
890 3541 976 3583 oons-
1031 3522 1054 3578 ti
1078 3522 1191 3578 dietum
1215 3521 1251 3577 ab
1271 3537 1304 3577 eo
1328 3520 1468 3588 vidimus,
1484 3519 1546 3576 haeo
1565 3517 1713 3591 generatio
1728 3518 1858 3592 perlaeta

145 3618 249 3672 tenter
262 3616 409 3670 assertum
423 3628 458 3667 ao
472 3611 660 3669 vindieatum.
1030 3611 1093 3668 luit.
1110 3610 1151 3667 De
1160 3610 1215 3666 heo
1228 3609 1320 3683 igitur
1333 3609 1471 3682 perfeeto,
1483 3624 1517 3665 eo
1532 3624 1590 3682 quo
1599 3607 1778 3677 notavimus,
1788 3622 1857 3664 een·

182 3719 262 3776 Vero
288 3719 386 3791 itaque
401 3717 526 3776 similior
540 3719 674 3776 fortassis
689 3719 837 3777 videbitur
851 3721 976 3778 aliorum
1031 3717 1066 3756 ⁸¹¹
1081 3698 1267 3771 Sflnssfflfifflffi
1281 3697 1361 3771 ¹⁰Tl¹i
1374 3697 1499 3755 Vidssffll·

147 3808 315 3880 responsio,
332 3807 382 3880 qui
398 3808 501 3864 dieunt
515 3806 741 3880 Tertullianum,
753 3810 886 3866 acerrimi
899 3811 978 3882 inge·
1066 3809 1104 3862 At
1117 3805 1194 3862 hano
1210 3821 1309 3862 revera
1322 3819 1388 3862 esse
1402 3803 1484 3860 illius
1498 3807 1627 3860 mentem
1643 3802 1746 3859 oondei
1762 3803 1858 3874 potest

146 3898 189 3954 nii
205 3895 396 3966 virum,heud
413 3895 530 3952 insolito
546 3897 760 3970 disputantium
773 3914 854 3954 more
869 3899 898 3954 in
915 3915 975 3954 ma·
1031 3912 1066 3952 ex
1081 3894 1178 3950 citatis
1193 3893 1349 3966 ipsiusmet
1360 3893 1501 3948 adversus
1515 3891 1731 3964 llermogennm
1742 3889 1857 3947 verbis:

146 3987 231 4043 xima
246 3985 281 4042 de
296 3986 424 4041 materiae
440 3985 602 4042 eternitate
618 4002 686 4042 oum
702 3989 878 4060 llermogeae
889 3986 978 4044 heere·
1032 3983 1170 4056 «Sophia
1188 3983 1293 4055 ipsius,
1310 3981 1419 4054 iuquit,
1435 3978 1540 4036 exinde
1559 3987 1628 4037 nata
1641 3983 1671 4036 et
1684 3978 1812 4048 eondita,
1823 3994 1859 4035 ex

146 4075 209 4132 tiso
224 4074 419 4143 contentione,
434 4074 521 4146 paulo
537 4074 725 4148 ultraquam
743 4093 793 4148 par
807 4081 880 4146 erat,
897 4077 978 4134 abre·
1032 4089 1091 4146 quo
1106 4072 1136 4129 in
1153 4087 1243 4129 sensu
1257 4069 1307 4127 Dei
1318 4069 1354 4126 ad
1366 4084 1455 4141 opera
1466 4067 1570 4124 mundi
1579 4065 1760 4140 disponenda
1772 4065 1861 4136 ooapit

150 4169 238 4236 ptum
254 4163 346 4219 luisse
362 4163 447 4237 (nott.
470 4163 575 4236 dasena
600 4165 648 4234 tid.
673 4165 746 4231 itia,
763 4168 833 4220 seat.
857 4166 884 4234 3,
912 4182 975 4238 cap.
1032 4162 1137 4236 agitari
1154 4183 1168 4212 o
1180 4158 1314 4233 (Tertull.
1329 4158 1435 4215 advers.
1450 4158 1613 4229 hermogen.
1629 4171 1694 4228 oap.
1711 4155 1725 4210 l
1747 4151 1861 4227 );quia

149 4253 196 4318 10,
215 4267 246 4307 n.
259 4251 297 4323 l).
308 4251 425 4308 Nemini
439 4253 530 4322 enirn,
542 4251 585 4310 vel
602 4253 789 4309 madiooriter
803 4254 833 4310 in
847 4252 978 4324 legendis
1033 4251 1093 4307 hee
1120 4251 1183 4324 ipsa
1209 4248 1328 4322 Sophia,
1352 4263 1415 4318 qus
1438 4245 1499 4315 illo,
1524 4250 1559 4303 ut
1581 4243 1720 4316 diximus,
1736 4243 1857 4314 latente,

147 4341 216 4412 ejus
230 4337 315 4396 libris
328 4343 454 4408 versato,
470 4339 687 4414 inoompartum
702 4356 767 4398 esse
781 4345 878 4414 potest
891 4340 976 4398 illum
1031 4340 1062 4396 iu
1080 4342 1135 4396 lleo
1149 4343 1235 4396 Patre
1250 4353 1367 4410 semper
1387 4335 1452 4406 luit,
1468 4333 1639 4391 hominibus
1655 4349 1690 4389 ex
1712 4331 1777 4406 ipso
1791 4334 1860 4390 neta

147 4428 185 4485 ad
214 4427 424 4486 stabiliendam
450 4428 579 4500 aliquam
602 4429 830 4502 propositionem
847 4431 978 4503 undique
1031 4430 1180 4502 apparuit,
1195 4445 1230 4486 aa
1254 4426 1411 4484 manifesta
1426 4423 1500 4498 ipsis
1523 4425 1599 4480 leem
1618 4424 1674 4480 est.
1690 4419 1859 4480 Nemesim

146 4519 323 4588 argumente
339 4514 486 4590 oolligere,
502 4534 536 4574 ao
550 4533 585 4574 ea
599 4516 687 4574 etiam
707 4533 772 4589 qua
797 4534 855 4574 non
880 4519 979 4591 magui
995 4505 1018 4570 D
1033 4518 1107 4576 dixit
1120 4534 1185 4575 eam
1196 4521 1258 4574 tum
1271 4515 1401 4589 primum
1417 4516 1557 4570 ortamno
1572 4510 1714 4584 genitam.
1729 4509 1793 4567 Non
1804 4507 1861 4566 hee

147 4605 398 4661 erantmomenti.
410 4609 473 4661 Non
484 4622 563 4678 ergo,
575 4605 769 4679 inquinatas
780 4606 879 4663 uitatis
889 4607 980 4680 hujus
1033 4609 1098 4682 ipso
1113 4608 1186 4675 looo,
1203 4622 1261 4679 quo
1275 4602 1467 4676 hermogenis
1482 4600 1611 4674 argutias
1626 4597 1764 4672 explodit,
1778 4597 1861 4656 illam

149 4691 220 4748 libri
230 4692 529 4764 verbiejndioendum
540 4698 596 4762 est,
607 4693 678 4766 quid
691 4693 740 4751 ille
750 4694 785 4751 de
795 4699 904 4752 aterna
914 4695 979 4752 Filii
1035 4698 1071 4753 ab
1085 4702 1192 4754 aterno
1208 4700 1302 4752 ortam
1317 4693 1409 4748 luisse
1424 4690 1620 4747 disertissime
1635 4687 1774 4762 prodient
1785 4704 1792 4744 ι
1804 4710 1819 4740 a
1830 4687 1862 4746 st

149 4780 200 4839 Dei
229 4781 417 4854 generatione
441 4783 585 4850 senserit,
608 4783 658 4839 sed
675 4799 708 4839 ex
720 4783 797 4850 aliis,
814 4785 864 4840 ubi
880 4785 980 4842 sedato
1035 4780 1375 4854 neeessariaest,lnquit,
1386 4779 1443 4836 Deo
1455 4779 1577 4836 materia
1592 4779 1628 4835 ad
1643 4775 1859 4852 operamundi,

149 4874 315 4944 psoatoque
330 4871 429 4927 animo
445 4887 542 4940 snam,
558 4871 602 4928 uti
617 4871 756 4939 vidimus,
769 4877 798 4929 et
825 4873 916 4929 totius
933 4873 980 4929 lio-
1036 4879 1069 4930 ut
1083 4873 1278 4945 Hermogenes
1292 4867 1481 4934 existimavit,
1493 4867 1597 4924 habuit
1613 4869 1690 4925 Deus
1704 4866 1862 4923 maurium

148 4959 247 5016 alesia
263 4959 299 5016 da
314 4975 453 5032 suprema
467 4959 533 5017 Filii
546 4959 597 5015 Dei
609 4961 762 5018 divinitate
777 4965 806 5018 et
820 4962 981 5019 eternitate
1034 4963 1121 5036 longe
1135 4961 1298 5032 digniorem
1314 4963 1342 5016 et
1357 4957 1550 5020 idoneiorem,
1566 4973 1624 5012 nou
1639 4956 1715 5030 apud
1733 4953 1863 5029 philoso-

149 5049 318 5105 dootrinam
333 5049 498 5121 explioavit.
1035 5051 1112 5125 phos
1125 5049 1341 5116 estimandum,
1357 5047 1409 5103 ssd
1423 5047 1501 5118 apud
1518 5043 1676 5117 prophetes
1694 5042 1863 5117 intelligen-

184 5136 242 5193 Sed
259 5137 438 5206 soouratius,
453 5137 479 5194 ai
494 5137 586 5207 lubet,
605 5139 807 5212 expendemus
821 5143 921 5196 utrum
933 5139 983 5198 ille
1037 5138 1116 5206 dam,
1127 5135 1264 5208 Sophiam
1282 5149 1367 5190 suem
1382 5130 1505 5189 seilioet.
1518 5131 1582 5188 tiso
1597 5129 1725 5202 deniqne
1739 5129 1864 5190 solato·

150 5239 228 5282 verae
243 5228 271 5280 et
287 5241 304 5280 a
318 5241 350 5281 se
369 5225 506 5282 stabilita
530 5225 668 5283 doetrinae
692 5225 801 5284 limites
814 5227 844 5284 in
861 5229 983 5300 objeatia
1038 5225 1137 5300 guerit
1152 5240 1273 5282 sensum
1289 5219 1414 5279 nomini.
1431 5219 1502 5287 Quis
1527 5219 1606 5276 enim
1626 5218 1683 5277 seit
1706 5235 1770 5292 qna
1792 5223 1865 5278 sunt

151 5312 228 5370 loois
243 5313 341 5386 reipsa
355 5314 394 5370 ait
406 5319 621 5388 transgressus.
638 5315 780 5388 inpriore
795 5321 894 5375 autem
909 5316 984 5375 dixit
1037 5314 1100 5384 Dei,
1116 5319 1144 5370 et
1158 5329 1222 5385 qua
1236 5311 1267 5368 in
1284 5311 1361 5384 ipso,
1376 5307 1433 5365 nisi
1453 5307 1578 5381 spiritus
1594 5307 1645 5381 qui
1662 5309 1691 5364 in
1706 5307 1798 5381 ipset
1812 5311 1864 5364 So·

153 5405 249 5458 ῠοοπι
277 5417 336 5458 non
361 5419 477 5478 semper
503 5403 594 5461 inisse
617 5403 782 5477 dominum,
804 5429 818 5458 a
834 5406 913 5464 siout
930 5422 984 5463 neo
1038 5403 1109 5477 phia
1123 5407 1221 5459 autem
1238 5399 1371 5473 spiritus.
1387 5420 1398 5448 ι
1417 5395 1498 5455 Unde
1511 5393 1561 5452 ille
1576 5393 1748 5453 ooneludit:
1767 5392 1864 5460 «Quis

153 5497 242 5563 pater
255 5491 351 5563 potuit
365 5507 431 5550 esse
450 5497 518 5551 aute
541 5492 649 5562 fllium,
664 5495 818 5566 neojudsx
834 5501 901 5554 ante
916 5494 985 5554 deli·
1038 5509 1097 5549 non
1111 5491 1188 5548 hano
1201 5489 1297 5564 potius
1311 5487 1444 5544 omniurn
1459 5484 1571 5541 iontem
1585 5489 1614 5541 et
1627 5483 1770 5557 originem
1780 5494 1864 5537 oom-

151 5582 249 5636 otnm.
263 5601 279 5632 a
296 5580 386 5652 Atqui
408 5581 450 5640 ibi
465 5583 587 5656 queastio
612 5599 671 5640 non
685 5584 721 5640 de
736 5588 819 5657 petre
833 5589 862 5643 et
871 5585 983 5658 J'ndioe,
1039 5581 1169 5649 mandet,
1184 5578 1337 5637 materiam
1351 5589 1419 5636 vero
1438 5571 1632 5632 materiarum
1647 5586 1706 5629 non
1720 5567 1777 5628 sibi
1791 5567 1862 5626 sub·

316 5707 452 5774 Purser..
475 5711 500 5772 1.
1665 5695 1705 5761 30
