4152 6192
205 377 284 440 13111
817 375 934 440 LlBllli
955 379 1006 441 nit
1027 378 1298 445 POENl'l'liN'I'lA.
1836 396 1914 461 1358

206 509 373 584 medenihr,
389 514 418 568 at
431 507 630 570 emolumento
651 511 814 572 curationis
829 513 970 571 attensem
983 515 1030 572 sui
1044 517 1072 584 Α
1086 515 1184 574 cultus
1199 517 1310 576 offenso
1325 519 1451 578 Domino
1468 526 1608 594 prestare
1633 526 1829 597 cessabimus,
1849 545 1915 603 qna

204 601 357 670 excusant,
387 603 416 656 st
444 603 617 673 presentem
639 599 782 674 injuriam
810 605 1030 676 superventurae
1083 604 1205 677 gentiles
1218 607 1336 666 nemine
1347 609 1467 666 omnino
1477 611 1546 670 lesa
1557 612 1614 670 sibi
1625 612 1828 688 irreguntrffl
1840 623 1912 678 gunt

207 687 344 748 utilitatis
358 689 453 763 grstia
467 689 684 748 commendant.
1083 693 1120 750 de
1135 694 1243 767 quibus
1255 697 1404 770 Scriptura
1418 705 1631 759 commemorat
1645 719 1653 759 ι
1672 705 1714 762 (κ
1727 705 1782 764 itis
1796 709 1846 780 qai
1854 701 1909 765 ‘de-

526 832 645 891 GAPUT
658 833 698 890 XI
1085 783 1216 842 tolosae
1230 785 1303 844 velat
1315 793 1506 862 praecrassus
1520 795 1634 850 metant
1649 793 1716 866 (90).

241 958 316 1027 Quid
331 957 356 1015 si
371 960 477 1032 preater
490 958 643 1031 pudorem,
663 975 752 1032 quem
767 961 910 1033 petieram
925 967 1031 1035 putant
1400 931 1518 989 CAPUT
1538 932 1598 990 ΧΠ·

205 1047 294 1106 etiam
309 1046 496 1106 incommoda
510 1049 641 1122 corporis
656 1049 855 1118 reformident,
866 1052 944 1122 quod
958 1051 1031 1110 inlo·
1120 1051 1150 1107 Si
1164 1051 1199 1109 da
1213 1053 1408 1129 exomologesi
1431 1061 1585 1130 retractas,
1600 1059 1767 1133 gehennam
1781 1062 1812 1120 in
1826 1067 1914 1124 corda

204 1140 262 1205 tas,
277 1137 356 1209 quod
371 1135 569 1206 sordulentos,
586 1138 664 1210 quad
683 1142 764 1196 extra
777 1137 909 1198 letitiam
925 1141 983 1214 (83)
999 1158 1030 1198 a·
1085 1139 1249 1208 considera,
1265 1158 1354 1215 quam
1378 1145 1431 1202 tibi
1451 1146 1664 1221 exomologesis
1685 1151 1870 1226 exstinguite
1886 1157 1916 1212 et

205 1230 301 1300 portet
323 1229 480 1295 deversari,
496 1228 526 1284 in
542 1228 742 1302 asperitudine
758 1231 845 1300 sacci,
860 1236 889 1288 et
911 1232 1031 1290 horrore
1085 1245 1177 1302 pane
1193 1230 1274 1304 prins
1289 1235 1523 1306 magnitudinem
1540 1236 1713 1311 imaginare,
1730 1244 1762 1297 ut
1774 1242 1810 1300 da
1825 1259 1917 1300 reme·

206 1313 324 1382 cineris,
340 1315 444 1372 eteris
459 1313 855 1390 dejejuaicvanitate(84)i
870 1318 945 1375 Num
962 1334 1030 1392 erga
1085 1317 1126 1373 dii
1141 1319 1294 1392 adeptione
1314 1339 1372 1378 non
1397 1323 1524 1381 dubites.
1550 1326 1624 1393 Quid
1640 1325 1725 1386 illurn
1741 1330 1914 1389 thesaurum

205 1403 236 1460 in
251 1405 369 1463 coccino
396 1405 453 1478 (85)
482 1407 511 1462 et
537 1404 623 1478 Tyrio
651 1406 707 1479 (86)
722 1423 773 1478 pro
787 1407 903 1465 delictis
917 1407 1031 1481 suppli·
1085 1406 1163 1479 ignia
1186 1409 1287 1466 sterni
1311 1411 1503 1484 estimamue,
1520 1430 1587 1470 cum
1611 1416 1767 1474 fumariola
1781 1422 1915 1490 qraedem

206 1509 274 1552 esre
286 1509 340 1552 noe
354 1493 515 1554 condecet?
529 1493 604 1552 (tado
626 1509 711 1552 acum
727 1495 901 1552 criminibus
925 1495 1031 1554 distin·
1086 1496 1425 1568 ejustslasilsmmaram
1438 1501 1514 1558 ictus
1526 1503 1916 1578 suscitantutproximaur-

206 1583 342 1656 guandiu,
366 1588 397 1640 et
420 1582 571 1657 pulverem
591 1583 730 1640 dentibus
748 1583 904 1642 elimandis
920 1584 988 1658 (87),
1002 1589 1033 1643 et
1086 1586 1138 1640 bes
1153 1589 1204 1642 aot
1223 1586 1287 1657 jam
1303 1586 1395 1644 nulle
1421 1593 1544 1658 exstent,
1560 1595 1612 1648 aut
1635 1591 1715 1650 idem
1741 1595 1800 1652 sibl
1817 1596 1854 1654 de
1868 1597 1916 1654 dle

207 1672 354 1730 bisulcum
370 1671 482 1746 aliquid
498 1671 567 1730 lerri
588 1670 634 1729 vel
662 1673 729 1730 eris
744 1673 895 1746 unguibus
909 1673 1031 1746 repasti-
1086 1680 1215 1746 sperent.
1231 1674 1387 1734 Dissiliunt
1402 1678 1609 1750 superbissimi
1633 1685 1749 1740 montes
1773 1683 1853 1756 ignis
1868 1685 1914 1742 iu·

208 1761 325 1819 nendis.
338 1761 366 1818 Si
381 1761 451 1836 quid
467 1761 526 1820 ficti
541 1761 657 1832 nitoris,
670 1762 697 1822 sl
711 1763 780 1836 quid
795 1763 889 1822 coacti
903 1763 1031 1834 ruboris,
1086 1760 1232 1821 trinsecus
1242 1763 1322 1822 latu:
1345 1767 1460 1838 siquod
1473 1769 1557 1825 nobis
1567 1768 1675 1840 judicii
1688 1771 1913 1844 perpetuitatem

208 1849 238 1909 in
259 1851 337 1909 labia
351 1854 403 1908 sut
417 1867 506 1923 genas
522 1854 634 1926 urgeat.
654 1851 795 1910 Preterea
809 1852 953 1926 exquirito
969 1852 1032 1910 bal·
1049 1851 1203 1949 Bprobst,
1218 1868 1285 1909 cum
1300 1853 1459 1928 dissiliant,
1474 1872 1543 1913 oum
1558 1858 1743 1928 devorantur,
1760 1877 1914 1934 nunquam

208 1955 279 1998 neas
293 1938 420 1998 latiores
435 1939 585 1998 hortulani
599 1940 775 1998 maritimive
789 1957 925 2000 secessus
939 1959 946 2000 ι
961 1942 1036 2014 adji-
1090 1945 1189 1998 tumen
1204 1941 1358 1999 liniuntur.
1372 1943 1445 2011 Quis
1460 1945 1521 2002 bac
1536 1946 1681 2020 supplicia
1695 1947 1816 2007 interim
1830 1967 1915 2008 mon·

209 2030 266 2087 cito
280 2030 316 2086 ad
332 2034 485 2104 sumptum
497 2029 679 2102 ;canquirito
690 2029 815 2087 altilium
827 2046 978 2088 enormem
992 2047 1038 2089 ea·
1089 2028 1164 2086 tium
1181 2046 1241 2087 non
1262 2031 1368 2102 Jadicii
1390 2033 1531 2091 minantis
1545 2034 1722 2110 exemplaria
1737 2039 1917 2112 deputabit?

207 2119 327 2194 ginam;
343 2119 474 2177 defecato
489 2123 668 2176 senectutem
683 2118 754 2176 vini.
773 2120 904 2194 Cumque
918 2119 1039 2194 qulaia.
1091 2117 1163 2186 Quis
1174 2167 1175 2172 ,
1186 2118 1330 2178 scintillae
1344 2120 1417 2178 talea
1433 2137 1490 2181 ucn
1507 2125 1606 2196 magni
1623 2123 1750 2198 alicujus
1764 2131 1792 2184 et
1806 2127 1916 2186 inesti-

207 2209 373 2283 terrcgarit,
389 2209 506 2267 cuinam
529 2225 564 2266 ee
587 2208 723 2282 largiaris
745 2209 825 2284 (88):
850 2209 975 2284 Deliqui,
990 2210 1034 2267 di·
1091 2205 1209 2264 mabilia
1238 2208 1295 2266 looi
1323 2209 1449 2269 missilia
1473 2212 1659 2284 quaedamst
1682 2215 1853 2274 exercitoria
1870 2219 1916 2290 ja.

208 2299 276 2367 cito,
301 2299 332 2356 in
355 2297 460 2373 Deum,
482 2302 511 2358 et
534 2297 682 2374 periclitor
704 2298 735 2355 in
758 2303 899 2358 abraam
928 2299 1034 2372 perire.
1090 2296 1916 2379 cula(9i)consantietilgiturcamsciasadverausge·
2024 2282 2036 2296 ,

209 2391 310 2462 ltaque
325 2405 404 2446 nune
428 2389 540 2462 pendeo
563 2392 592 2445 et
617 2403 759 2460 maceror,
774 2393 803 2446 et
826 2387 987 2460 exorarier,
1002 2393 1036 2446 ut
1089 2385 1218 2443 hennam
1248 2391 1315 2461 pest
1341 2387 1437 2462 prima
1465 2387 1517 2446 illa
1551 2391 1734 2449 intinctionis
1761 2393 1917 2454 Dominioe

207 2478 301 2535 Deum
312 2476 497 2535 reconciliem
508 2477 689 2552 mihiquem
698 2477 895 2550 delinquendo
905 2477 1034 2536 lesisse
1090 2475 1285 2546 munimenta,
1305 2493 1369 2534 essa
1397 2477 1493 2535 adbuc
1516 2478 1546 2536 in
1571 2479 1767 2555 exomologesi
1787 2485 1918 2542 secunda

208 2568 288 2626 enim
310 2567 388 2634 illos,
408 2566 459 2640 qui
483 2565 597 2623 ambita
612 2567 634 2602 ⁷⁸
648 2565 758 2624 obeunt
773 2567 946 2639 capessendi
971 2583 1034 2623 ma·
1089 2563 1350 2634 subsidis,1248
1373 2583 1427 2623 cur
1448 2567 1574 2625 salutem
1599 2573 1680 2626 tuam
1701 2570 1836 2629 deseris?
1858 2571 1918 2629 Car

208 2657 361 2731 gistratns,
382 2669 478 2729 neque
501 2655 601 2728 pudet,
617 2671 712 2729 aeque
734 2655 815 2728 piget
839 2655 1033 2713 incommodis
1087 2669 1186 2711 cessas
1202 2655 1321 2728 aggredi
1337 2655 1415 2728 quod
1430 2656 1507 2714 scias
1526 2657 1636 2714 mederi
1652 2658 1733 2716 tibi?
1751 2661 1837 2718 llutae
1853 2661 1917 2735 qui·

206 2747 313 2805 anime
328 2749 356 2802 et
370 2744 510 2817 corporis,
526 2761 579 2802 nec
595 2743 790 2802 incommodis
804 2749 1032 2812 tantum,vernm
1087 2743 1153 2799 dem
1169 2743 1275 2799 anime
1286 2743 1684 2812 etirrationales,medieinas
1699 2747 1756 2805 sibi
1770 2749 1913 2808 divinitus

206 2841 236 2893 et
250 2833 951 2894 contumeliisonrnibusenitiincausavotorum
967 2851 1032 2892 suc·
1087 2833 1245 2888 attributas
1268 2831 1299 2888 in
1323 2837 1454 2906 tempora
1485 2840 1659 2908 agnoscunt.
1686 2839 1792 2896 Cervus
1808 2839 1916 2912 sagitta

206 2926 372 2992 romonae
382 2940 439 2981 nan
450 2922 651 2996 ignobilitates
660 2923 785 2982 vestium
796 2921 1031 2988 effectantiQue
1085 2920 1255 2990 transfixus,
1272 2924 1306 2977 ut
1320 2920 1429 2977 lerrum
1452 2926 1482 2978 et
1503 2922 1708 2982 irrevocabiles
1733 2942 1831 2984 moras
1851 2927 1915 3000 ejus

207 3031 265 3072 uon
280 3013 355 3072 atria
364 3015 465 3070 lim
482 3011 634 3070 nocturnis
648 3015 677 3068 et
691 3011 791 3068 crudis
804 3010 1031 3069 salutationibus
1086 3008 1142 3080 (92)
1153 3009 1188 3066 de
1203 3007 1324 3065 vulnere
1337 3009 1475 3084 expellat,
1487 3010 1545 3068 ecit
1558 3011 1616 3069 sibi
1631 3013 1782 3071 dictamno
1797 3017 1918 3074 meden-

206 3103 374 3177 occupant?
394 3105 430 3159 ad
447 3116 562 3160 omnem
579 3117 735 3158 occursum
753 3099 873 3173 majoris
888 3101 1030 3173 cujusque
1085 3098 1167 3154 dum.
1192 3097 1333 3166 Hirundo,
1349 3099 1375 3155 si
1397 3101 1583 3158 excecaverit
1607 3101 1716 3174 pullos,
1733 3103 1815 3160 novit
1847 3103 1915 3164 illos

205 3188 1028 3266 personedecrescentce,nullisconviviia,calabree,nal-
1084 3187 1200 3244 oculare
1215 3187 1270 3259 (93)
1292 3203 1394 3244 rursus
1428 3188 1464 3245 de
1492 3206 1548 3246 sua
1576 3190 1755 3248 chelidonia.
1776 3195 1916 3252 Peccator

204 3283 242 3340 lia
256 3280 520 3340 comessationibus
534 3294 704 3352 congreges,
717 3279 768 3336 sed
784 3277 899 3336 exsules
914 3295 932 3334 a
945 3247 1065 3336 liber·c
1084 3276 1264 3335 restituendo
1291 3275 1349 3332 sibi
1376 3277 1433 3350 (at)
1454 3277 1621 3335 institutam
1645 3296 1663 3336 a
1696 3281 1817 3338 Domina
1843 3298 1912 3341 exo·

203 3368 274 3427 tatis
289 3373 318 3426 et
330 3367 796 3438 letitiaefelicitateldqoatotum
806 3371 926 3440 propter
940 3368 1029 3426 unius
1084 3363 1246 3438 mologeein
1263 3365 1370 3436 sciens,
1391 3366 1552 3437 preteribit
1576 3366 1656 3424 illam
1678 3368 1762 3441 (aas.
1779 3370 1831 3442 iv),
1847 3387 1911 3444 que

204 3457 275 3515 anni
289 3456 447 3515 volaticum
466 3457 606 3530 gaudium
620 3455 688 3528 (89).
701 3455 771 3526 Nos,
786 3456 864 3528 quod
879 3457 1027 3514 securium
1083 3453 1273 3528 Babylonium
1286 3469 1384 3528 regem
1394 3455 1425 3510 in
1436 3471 1527 3528 regna
1538 3456 1690 3514 restitnit?
1704 3456 1757 3515 Diu
1767 3461 1843 3516 enim
1853 3477 1911 3532 pta-

203 3545 388 3620 virgsrumva
401 3544 503 3617 petitio
518 3543 655 3612 sustinet,
670 3543 700 3600 in
715 3542 844 3615 periculo
855 3545 1027 3602 aternitatis
1082 3543 1237 3601 nitentiam
1244 3543 1368 3600 Domino
1378 3543 1835 3620 immolarat,aeptennisqualore
1845 3564 1910 3606 exo·

203 3634 328 3692 tolerare
337 3633 590 3694 dubitavimaeiet
600 3632 822 3706 castigationem
832 3633 928 3691 vintru
939 3637 1028 3706 atque
1081 3631 1244 3706 mologeein
1260 3635 1406 3704 operatus,
1423 3632 1567 3706 unguium
1580 3633 1731 3694 leoninum
1745 3635 1776 3693 in
1787 3638 1908 3696 modum

917 3761 1020 3826 Varie
1042 3760 1205 3825 lectiones.

240 3872 263 3909 ⁷⁸
277 3871 426 3930 Ambliius
440 3873 500 3946 sip.

926 3950 1187 4020 Commentarius.

240 4074 297 4204 (83)
328 4082 415 4136 liceo
438 4076 579 4160 letitiam.
603 4079 665 4130 Nan
687 4073 793 4158 licebat
820 4073 1032 4160 penitentibus
1122 4072 1182 4198 (89)
1196 4073 1311 4155 Propter
1320 4071 1409 4153 'anius
1422 4073 1492 4128 ansi
1505 4069 1655 4158 veetiam!
1665 4073 1753 4146 gaad.
1762 4073 1836 4131 Nam
1847 4090 1913 4132 con·

206 4145 269 4204 alo
295 4148 497 4210 delectationis
520 4163 638 4221 genere,
653 4161 690 4203 na
717 4147 837 4219 quadem
865 4146 976 4204 brlnera
1000 4163 1032 4206 es
1087 4141 1912 4275 wmliem&legib{ge’creilcantccnffigatsstsffcffssuffi'

206 4217 554 4368 cuggpjtcggisncfecfflm
573 4292 710 4346 caritate.
727 4289 966 4374 lltenimJ'ejanic
980 4305 1032 4344 na·
1087 4217 1171 4370 litigans
1182 4232 1248 4370 ιι1011
1262 4231 1417 4370 qvolaticam
1442 4303 1493 4359 pro
1518 4263 1711 4359 inconstanti,
1723 4289 1810 4345 etiam
1832 4288 1913 4346 Cice·

207 4370 286 4428 tione
300 4366 361 4422 oris
375 4371 405 4422 et
419 4365 518 4420 forma
532 4362 614 4433 vigor
625 4363 783 4418 evanescit.
791 4360 898 4418 alludit
912 4361 948 4418 ad
959 4359 1032 4416 rllnd
1088 4374 1151 4414 roni
1167 4361 1276 4414 certata
1290 4356 1341 4413 lrb.
1358 4359 1386 4414 ll
1403 4357 1439 4414 ae
1451 4358 1506 4414 Ait.
1523 4363 1552 4416 at
1574 4359 1608 4415 de
1634 4363 1755 4433 llarasp.
1779 4376 1842 4432 cap.
1868 4361 1914 4429 13,

207 4429 1032 4511 111111111141εἈφανιζουσικὰπρόσωπκαὐτῶν.
1087 4430 1161 4486 Pata·
1265 4500 1306 4514 ..
1376 4501 1381 4513 Ι
1447 4501 1451 4513 Ι

211 4513 293 4571 Vultu
307 4509 436 4568 iaeedost
454 4508 585 4564 wenido.
600 4505 665 4562 lire.
1125 4500 1182 4574 (90)
1199 4499 1245 4579 Vae
1257 4499 1318 4556 etta
1331 4515 1381 4584 que
1394 4500 1570 4584 deliciosae,
1586 4503 1641 4557 etc.
1665 4501 1755 4558 Nema
1777 4501 1917 4558 odoratus

244 4583 301 4712 (85)
317 4584 348 4639 le
363 4582 479 4638 cecano.
496 4583 551 4634 Per
561 4577 728 4661 'coccinum
753 4575 851 4660 inquit
864 4575 970 4678 illaec„
987 4573 1033 4630 in·
1051 4619 1075 4685 D
1090 4578 1135 4660 apt
1148 4573 1257 4662 locum.
1272 4587 1339 4660 cam
1355 4587 1381 4627 1s
1396 4576 1436 4628 ert
1448 4576 1529 4628 isare
1544 4589 1561 4625 v
1578 4570 1670 4658 ².⁰²’'“³'
1686 4573 1712 4626 ct
1727 4570 1917 4657 ἐπισπώμενοι

209 4656 247 4712 tel
262 4655 316 4730 ign
331 4657 442 4710 vestem
458 4665 543 4708 cocco
560 4649 708 4704 iniectam.
726 4645 893 4704 Martialis.
1088 4661 1135 4703 τας
1158 4641 1290 4718 carpetas
1311 4661 1348 4702 ως
1370 4639 1486 4718 sperula
1510 4661 1617 4715 μακρῳ,
1644 4645 1700 4700 Sed
1716 4644 1919 4702 Tertullianus

536 4755 659 4806 ce
1092 4713 1674 4859 tssts
1689 4717 1920 4846 td

210 4869 338 4928 mecum
358 4865 445 4938 vulgo
476 4878 602 4937 granam
624 4863 729 4917 vocant
758 4859 855 4916 latine
883 4859 1038 4916 reddentes
1092 4856 1285 4930 septuaginta
1299 4856 1457 4929 habebant,
1473 4858 1514 4912 Vae
1530 4858 1591 4913 illis
1607 4859 1656 4928 qai
1669 4858 1834 4917 deliciosae
1847 4859 1921 4918 celat

210 4944 259 4996 τοῦ
271 4939 370 4995 κόκκου
384 4943 517 4994 Gesacum
532 4932 719 4992 vccabulum.
736 4930 808 4986 Pau.
1093 4931 1175 4998 longo
1184 4929 1254 5003 fuce
1267 4931 1390 4985 nectunt.
1413 4928 1454 4984 De
1469 4928 1539 4984 sune
1553 4931 1789 5002 comtemptioais
1804 4931 1862 4990 alia
1876 4935 1922 4990 eet

247 5011 305 5084 (86)
321 5013 353 5068 lit
367 5012 456 5083 Tyrio.
472 5007 602 5082 Tyrium,
618 5003 715 5077 inquit
736 5001 825 5070 idem,
842 4999 971 5085 appellat
991 5015 1039 5055 ve·
1093 4999 1184 5070 ratio;
1201 5000 1264 5072 lege
1278 4998 1331 5056 lib.
1345 5016 1373 5057 1v
1387 4998 1450 5057 cdv.
1465 5001 1631 5057 Marcionem
1646 5006 1675 5058 at
1689 5001 1739 5059 lib.
1755 5003 1791 5060 orl
1804 5003 1919 5061 ledeos.

211 5083 383 5142 stimonium
399 5097 433 5138 ex
469 5072 921 5151 urpuraTyriaeonstane.0v1d.
935 5090 966 5128 :c
978 5071 1040 5127 Sive
1093 5077 1159 5131 Lac.
1606 5142 1612 5154 ·

212 5157 311 5213 eritis
325 5154 424 5226 tyriis,
454 5153 529 5224 yrias
544 5144 872 5210 laudubisomietus.0ai
887 5143 1039 5200 etiamad·
1139 5143 1158 5198 9
1202 5141 1375 5198 lleercs'tcrto
1386 5142 1494 5213 jacula.
1512 5143 1642 5199 Luscrra.
1659 5143 1725 5203 lira.

213 5231 297 5286 notat
310 5225 375 5282 cedo
390 5221 438 5279 hic
453 5221 545 5294 accipi
562 5236 613 5293 pro
625 5220 661 5275 do
675 5218 748 5275 Pau.
1139 5215 1175 5270 92
1200 5213 1316 5269 Ferrum
1340 5223 1366 5269 st
1391 5212 1584 5270 irrevocabiles
1606 5230 1698 5272 moras
1731 5215 1800 5287 ejus.
1816 5213 1922 5271 Hama-

248 5297 305 5370 (81)
327 5299 361 5353 lit
380 5295 525 5367 pulverem
547 5291 674 5348 emeras
696 5287 854 5346 elimandis.
879 5284 1041 5358 Aptissima
1094 5284 1146 5342 tile
1175 5287 1322 5356 spiculum
1350 5285 1507 5357 significat,
1537 5287 1615 5411 ῗιιοᾱ
1645 5286 1694 5343 ubi
1717 5287 1879 5360 penetravit
1893 5287 1922 5342 in

212 5370 301 5427 verba
325 5369 446 5424 elimare
468 5381 541 5421 usus
565 5371 618 5431 est,
642 5378 711 5418 nam
735 5360 825 5416 limus
848 5364 971 5416 vocatur
991 5353 1041 5410 illa
1095 5356 1215 5424 vulnus,
1244 5357 1373 5412 revecari
1401 5362 1452 5413 aut
1479 5357 1564 5412 aveii
1593 5359 1707 5430 nequit,
1736 5358 1793 5414 uisi
1816 5356 1924 5414 vulnus

214 5441 379 5507 scabritias,
396 5454 446 5498 sau
464 5435 566 5494 sordes
580 5431 637 5488 ille
652 5433 791 5490 dantibus
805 5430 1041 5488 adhaerentesrlt
1095 5429 1195 5502 ipsam
1211 5442 1283 5483 aava
1299 5428 1418 5485 vulnere
1434 5427 1601 5485 diducatur.
1619 5429 1683 5486 llio.
1863 5496 1868 5508 .

236 5521 319 5570 rator
347 5512 498 5585 pulverem
536 5503 700 5564 dentifricio
730 5507 888 5560 utebantur
918 5506 1040 5558 veterae.
1132 5499 1189 5572 (93)
1205 5497 1332 5556 Oratore.
1361 5499 1391 5556 ld
1418 5507 1463 5558 est
1485 5500 1587 5557 oculos
1611 5501 1743 5556 reddere.
1772 5497 1832 5554 Hoc
1861 5513 1925 5582 ipsa

214 5530 332 5641 elidaris
347 5549 543 5655 apuleium'in
559 5574 644 5650 apola
667 5618 674 5631 .
692 5579 726 5631 tn
741 5575 792 5632 Pa.
1098 5586 1171 5626 usus
1186 5576 1230 5626 est
1244 5571 1333 5628 verba
1348 5571 1380 5627 dc
1394 5573 1464 5628 Pae.
1491 5577 1519 5629 et
1542 5571 1572 5627 in
1598 5571 1732 5654 Aprica:
1749 5568 1826 5654 quad
1851 5569 1925 5626 mrbr

251 5657 308 5730 (88)
324 5655 440 5714 Caiscm
453 5669 488 5710 ea
503 5592 702 5721 largiaris.⁸Sic
714 5643 937 5703 amandavimus
947 5639 1044 5701 secuti
1098 5658 1151 5715 pro
1167 5649 1339 5716 argumento
1352 5648 1398 5702 est
1411 5643 1490 5702 bunc
1504 5641 1680 5701 Tertulliani
1701 5657 1766 5699 esse
1780 5639 1924 5699 libellum.

216 5725 339 5856 {fatigia
355 5727 507 5800 scripture
521 5719 645 5781 vetaris:
663 5719 744 5777 «Gur
759 5715 858 5776 anime
872 5713 1041 5790 largiaris.»
1099 5715 1379 5864 Αιῶκόρὲῶϋωώ
1392 5788 1447 5846 sibi
1472 5784 1735 5847 Reatitufionlm
1762 5785 1817 5845 Bm

243 5815 282 5858 re.
1449 5827 1456 5846 ,
1738 5827 1745 5844 ,
1818 5823 1826 5844 ,
