4134 6184
67 333 71 342 .
174 283 252 346 titt
425 281 690 349 rennuentem
712 283 875 348 ornauit
896 283 999 347 PARS
1020 285 1046 346 l.
1068 319 1107 330 —
1129 283 1267 348 saulus
1288 285 1315 358 1,
1338 283 1620 347 apotactitas.
1805 285 1878 344 ll'lli

236 415 316 468 Forte
329 416 486 468 revertebar
499 417 568 468 testa
583 416 741 480 vestalibus,
756 415 802 466 illa
1014 417 1164 486 Aethnioi
1187 416 1371 490 publicarum
1396 415 1599 474 calamitatum
1621 432 1722 472 revera
1747 421 1880 472 auctores

239 481 545 606 flffiffiz'ffissffl
553 478 922 593 ffluuffiffi,itffigrgss‘i'diff't'
1054 510 1147 578 orant,
1164 506 1286 562 minime
1309 521 1377 563 vero
1401 505 1572 576 Christiani,
1587 505 1639 578 qui
1663 522 1766 562 verum
1789 505 1878 562 Deum

270 605 401 670 Obstupui
416 606 522 664 tacitus,
538 606 708 669 sustinuique
722 604 844 672 madum.
1056 597 1147 652 Deum
1164 595 1330 668 adorantes,
1344 599 1478 668 poteraut
1503 595 1605 668 utique
1625 595 1710 652 abeo
1726 595 1877 668 postulata

517 685 592 736 orio.
608 685 653 735 lib.
669 699 695 735 m
709 685 810 736 Fertor.
827 687 839 744 ς
856 683 893 748 9.)
1055 685 1197 742 oblinere.

174 811 280 870 Postea
293 827 361 869 vero
376 827 465 883 quum
490 815 640 868 mortuum
667 809 792 882 Augusti
816 804 1002 880 imperatoria
1364 817 1525 859 anrrcnnus
1543 819 1570 858 s.

175 901 397 972 eorpualdi!
415 899 541 958 solemni
557 917 665 974 pompa
678 906 840 956 crematum
864 901 911 954 est
927 913 933 952 :
951 898 1001 952 lic·
1056 893 1268 948 Euaruiuaatur
1283 891 1408 948 allataea
1434 892 1604 948 Tertulliano
1619 893 1752 962 rationes,
1768 893 1801 948 ob
1815 907 1882 962 qaas

176 989 290 1063 lgqqrm'
319 991 362 1046 ug
389 995 491 1046 namq
514 990 680 1060 Suetonius,
707 989 832 1061 gemm
863 988 1002 1058 primore,
1092 965 1161 1019 lietu
1187 965 1299 1034 patitur
1324 964 1500 1020 clu-iaticum
1524 963 1642 1035 publicas
1675 963 1882 1019 calamitatibus

176 1079 308 1152 sqwlris
324 1079 434 1136 ordinis
458 1079 590 1148 tunicati,
619 1081 645 1134 sl
673 1077 807 1144 distincti,
833 1075 1001 1148 pedibusque
1092 1035 1191 1106 “miii
1207 1043 1232 1092 θ’
1243 1049 1293 1090 ⁰¹³7
1304 1049 1342 1091 ⁸³
1355 1051 1405 1108 ΡΜ
1420 1035 1536 1092 ‘mmm
1549 1035 1640 1092 ”alm
1654 1051 1709 1091 mm
1722 1036 1837 1107 ''m‘'

175 1167 269 1238 nudb,
285 1184 317 1224 uc
335 1170 367 1224 iu
380 1167 520 1224 mausolm
545 1167 726 1224 condiderunt
750 1167 884 1238 (Sueten.
901 1164 953 1220 lib.
969 1181 1001 1229 ιι,
1091 1168 1270 1225 Gravissima
1284 1174 1325 1225 tot
1339 1173 1548 1241 tantorumque
1559 1172 1799 1242 argumentorum
1811 1185 1884 1242 pon·

177 1259 208 1314 ia
221 1259 273 1314 l'l'l·
288 1257 405 1327 Attum·
423 1255 438 1331 ἓ
454 1258 526 1330 100).
536 1256 659 1322 Quidem
674 1255 796 1328 insuper
810 1253 922 1326 opinati
934 1256 1004 1308 suni
1057 1259 1125 1314 dere
1148 1257 1251 1315 1th
1271 1257 1367 1314 ebruti
1394 1257 1527 1329 gentiles,
1553 1259 1628 1314 mira
1653 1259 1815 1332 pertinacia
1837 1275 1882 1315 ee·

177 1347 214 1404 ad
228 1345 310 1402 huno
321 1345 409 1402 ritum
427 1352 576 1420 spectasse
599 1343 783 1411 iuvenalem,
802 1342 852 1399 nbi
867 1342 903 1400 de
918 1340 1004 1414 gallis
1057 1347 1126 1403 dere
1141 1363 1293 1418 nunquam
1309 1346 1463 1412 ralebaut;
1479 1348 1530 1402 aed
1542 1347 1650 1403 intorta
1670 1363 1687 1402 a
1709 1347 1883 1403 Christianis

178 1432 282 1492 Matris
296 1433 385 1491 deum
399 1433 599 1491 sacerdotibus
614 1431 674 1488 huc
689 1428 794 1486 cecinit
810 1444 816 1486 :
1057 1435 1116 1492 tela
1130 1437 1160 1492 in
1176 1437 1257 1508 ipsos
1272 1441 1438 1506 retorquere
1453 1453 1571 1509 quoquo
1586 1437 1673 1493 modo
1687 1438 1882 1495 conabantur.

259 1595 266 1609 ·
331 1593 340 1610 ·
406 1595 412 1608 Ι
464 1594 470 1608 ·
534 1590 542 1606 ι
606 1554 796 1621 Ῑῃᾱοωμὼὶ
1058 1524 1089 1582 Si
1103 1525 1273 1592 Christiani,
1286 1525 1470 1597 inquiebant,
1482 1526 1666 1598 publicarum
1682 1526 1811 1582 cladium
1827 1543 1883 1582 non

256 1621 352 1674 Totum
367 1621 437 1686 ragis
451 1633 555 1686 agrum,
569 1619 643 1671 nuda
657 1633 688 1670 ac
697 1615 877 1670 tremebunda
886 1613 1006 1666 cruentis
1059 1617 1130 1670 sunt
1144 1629 1243 1670 revera
1257 1619 1402 1680 auctores,
1415 1630 1467 1670 cur
1480 1613 1598 1670 illorum
1615 1615 1733 1676 Deus.si
1749 1615 1883 1688 omnipo-

256 1683 385 1752 Ernmpst
398 1683 512 1750 binim
515 1714 803 1733 ······
1058 1706 1125 1759 lens
1140 1702 1180 1758 eit
1193 1707 1222 1758 et
1232 1703 1343 1773 justus,
1359 1703 1431 1759 adeo
1455 1701 1612 1774 tranquille
1638 1703 1748 1776 patitur
1771 1720 1821 1761 eos
1836 1705 1885 1759 lis·

519 1761 652 1828 mmm·
668 1761 741 1813 Μ’·
752 1765 775 1824 θ’
790 1775 816 1812 ’·
832 1759 897 1823 Μ’)
1019 1790 1043 1856 Β
1058 1792 1124 1847 dem
1140 1789 1370 1862 calamitatibus,
1385 1807 1418 1848 ac
1438 1797 1559 1848 cataroe
1575 1792 1709 1848 homiues
1725 1795 1828 1850 noxios
1852 1811 1884 1849 aa

179 1881 274 1941 Simili
288 1899 405 1957 quoqne
421 1884 509 1941 modo
524 1883 634 1940 Seneca
650 1881 759 1955 scripto
774 1879 896 1937 tradidit
911 1894 920 1936 t
934 1877 1008 1934 Cum
1062 1880 1229 1946 sceleratos,
1257 1880 1364 1950 vexari,
1394 1881 1458 1936 lssdi
1487 1887 1516 1937 et
1542 1882 1693 1954 opprimit
1721 1881 1885 1955 Respondet

179 1993 194 2024 a
211 1973 335 2030 eleisum
349 1972 457 2045 aliquis
472 1972 643 2030 concutiens
666 1988 702 2028 ex
715 1969 840 2042 imperio
855 1968 1007 2038 mentitur,
1062 1967 1259 2024 Tertullianus
1281 1967 1335 2026 hoe
1359 1969 1450 2024 telum
1466 1971 1627 2042 retorqueri
1645 1971 1783 2043 plumbea
1799 1970 1885 2042 plane

179 2077 248 2120 oum
271 2059 380 2136 aliquis
403 2059 523 2118 secandi
545 2058 670 2116 lacertos
684 2075 755 2116 snos
769 2057 874 2116 artilex
887 2055 1008 2113 brachia
1061 2061 1091 2113 et
1104 2056 1201 2114 hebeti
1216 2057 1429 2114 occultantium
1451 2057 1603 2115 homiuum
1620 2073 1720 2126 mauu,
1737 2059 1787 2132 qui
1805 2065 1886 2116 aster·

179 2154 269 2222 atque
288 2148 428 2206 humeros
443 2164 589 2222 suspensa
610 2165 698 2204 manu
713 2152 855 2214 cruentat,
872 2161 940 2201 eum
954 2143 1007 2200 ali·
1061 2162 1116 2203 nas
1144 2147 1251 2203 summi
1277 2145 1327 2202 Dei
1351 2145 1542 2218 dispositiones
1569 2148 1689 2204 omuino
1712 2147 1890 2222 ignorabant

180 2255 241 2312 qua
260 2237 385 2311 genibus
414 2253 466 2311 per
491 2238 568 2295 viam
599 2253 714 2308 repens,
739 2235 833 2292 ululat
848 2257 863 2286 s
887 2233 1003 2307 (Scaea.
1062 2234 1194 2307 (Tertull.
1205 2236 1354 2306 Apoloqet,
1367 2251 1431 2307 cap.
1443 2235 1498 2308 ll).
1514 2235 1588 2292 Nam
1605 2235 1652 2292 bic
1668 2253 1808 2310 supremo
1823 2241 1890 2308 post

154 2339 157 2347 ’
181 2325 233 2384 lib.
248 2328 282 2385 de
298 2329 350 2385 l'it.
366 2327 436 2386 teat.
452 2343 516 2399 cap.
532 2327 578 2394 21,
593 2342 662 2398 pag.
684 2325 760 2394 dib).
785 2322 915 2388 sedhic,
932 2321 1008 2378 sicul
1062 2324 1165 2380 mundi
1181 2323 1269 2380 tinem
1283 2323 1396 2394 judicio
1410 2325 1504 2381 bonos
1517 2325 1664 2382 discernet
1678 2342 1695 2381 a
1710 2325 1809 2393 malis,
1822 2326 1890 2382 lrsrs¹

180 2415 342 2484 iuvenalis,
358 2417 394 2473 de
408 2417 444 2472 iis
463 2415 561 2488 potius
576 2414 706 2482 disserit,
722 2413 773 2487 qui
796 2411 921 2486 genibus
946 2409 1007 2466 nixi
1062 2429 1119 2484 que
1142 2429 1195 2484 pro
1224 2413 1327 2468 merito
1355 2401 1545 2486 sempiternis
1571 2418 1624 2470 aut
1652 2414 1807 2488 suppliciis
1836 2421 1890 2472 aut

182 2505 404 2580 gradiebantur,
420 2521 509 2578 quam
534 2505 585 2577 qui
611 2503 737 2577 pedibus
761 2501 848 2558 nudis
870 2500 953 2556 ibant
976 2498 1008 2554 in
1062 2501 1190 2573 premiis
1204 2501 1321 2557 eiiciet.
1333 2501 1450 2558 Interim
1465 2519 1533 2560 vero
1549 2502 1642 2559 soluit
1656 2503 1795 2561 omnibus
1809 2519 1890 2560 oom-

182 2593 336 2667 templum,
356 2594 405 2650 ubi
422 2594 492 2650 deos
507 2609 577 2650 suos
591 2599 794 2664 pensarentur.
813 2589 906 2663 Magis
918 2588 1010 2661 igitur
1062 2588 1163 2646 munis
1185 2605 1250 2646 esse
1271 2590 1359 2660 bajus
1375 2591 1441 2647 vites
1463 2591 1619 2648 commoda
1633 2598 1663 2649 et
1675 2592 1865 2650 incommoda
1880 2609 1889 2649 t

182 2683 220 2740 ad
235 2681 409 2739 Tertulliani
424 2675 607 2756 propositum
623 2681 714 2739 citata
726 2678 821 2737 Ovidii
835 2677 924 2736 verba
939 2693 1007 2734 con·
1062 2701 1077 2730 a
1094 2677 1130 2736 Ut
1143 2679 1218 2751 pari,
1243 2678 1351 2750 iuquit,
1374 2681 1520 2737 consortio
1543 2696 1647 2738 omnes
1670 2682 1888 2754 experientur»

182 2771 305 2829 ducunt.
1062 2767 1165 2840 (ibid),
1182 2771 1233 2824 ant
1246 2767 1395 2824 leuitatem
1419 2769 1484 2840 ejus
1510 2774 1560 2826 aul
1579 2771 1776 2836 seueritatem,
1792 2770 1890 2827 illam-

214 2860 310 2919 Nudis
331 2860 428 2933 itaque
448 2860 572 2934 pedibus
587 2859 756 2917 incedentes
772 2856 894 2924 ethnici,
909 2854 1008 2912 venie·
1062 2873 1119 2930 que
1135 2856 1300 2929 diligerent,
1317 2860 1345 2912 rt
1369 2855 1445 2913 bauo
1461 2863 1637 2917 metuerent.
1657 2857 1783 2915 Publica
1798 2857 1891 2932 igitur

180 2949 252 3008 bant
265 2951 296 3008 in
318 2951 494 3024 Capitolium,
510 2949 551 3006 ait
574 2948 783 3016 Tertullianus,
807 2949 837 3004 id
861 2951 917 3016 est,
934 2949 1007 3000 lem·
1062 2945 1245 3003 calamitates
1259 2945 1435 3002 Christianis
1448 2951 1532 3003 erant
1547 2945 1576 3003 ln
1594 2946 1825 3004 admonitionem
1844 2947 1891 3002 oi-

179 3039 263 3112 plum
291 3040 373 3098 iovis
395 3037 563 3112 Capitolini,
589 3037 690 3111 ibique
713 3037 883 3109 querebant
909 3033 1008 3090 caelum
1063 3035 1131 3104 licii,
1146 3033 1271 3092 ethnicis
1293 3051 1358 3091 vero
1378 3035 1408 3090 in
1424 3036 1567 3092 scelerum
1583 3036 1815 3109 castigationem.
1832 3036 1891 3092 Neo

110 3111 116 3123 “
180 3129 325 3204 pluvium,
341 3145 375 3186 ac
390 3129 491 3186 nebula
506 3127 639 3185 locandis
663 3126 809 3183 imbribus
824 3124 944 3198 gravida
959 3139 1007 3180 cx·
1063 3138 1168 3196 urgere
1182 3122 1212 3178 hi
1226 3127 1361 3196 poteraut
1376 3123 1403 3179 id
1417 3124 1452 3180 ab
1465 3124 1538 3195 ipsis
1550 3124 1726 3182 Christianis
1736 3140 1890 3198 perperam

182 3219 357 3290 spectabant
371 3218 404 3274 de
430 3217 605 3291 laquearibus
629 3216 709 3273 illius
732 3215 874 3272 nimirum
893 3211 1007 3284 templi,
1064 3211 1176 3267 lictum.
1193 3211 1266 3268 Nam
1290 3211 1359 3278 baec,
1376 3211 1469 3284 pergit
1493 3210 1554 3280 ille,
1580 3214 1623 3268 ito
1649 3211 1798 3268 didicimus
1817 3211 1891 3284 apud

182 3306 215 3363 in
240 3322 299 3380 quo
320 3322 472 3364 summum
485 3307 585 3363 iovem
605 3321 693 3362 suum
711 3303 842 3360 babitare
858 3316 1010 3376 perperam
1065 3302 1155 3371 ipsum
1169 3299 1260 3356 Deum
1284 3299 1388 3372 (ibin),
1412 3298 1467 3356 boc
1489 3305 1545 3370 est,
1562 3300 1592 3356 in
1616 3301 1710 3357 sacris
1734 3301 1848 3356 Veteris
1863 3303 1891 3356 et

184 3395 414 3453 arbitrabantur.
1064 3387 1135 3446 Novi
1159 3388 1338 3444 Testamenti
1363 3387 1446 3444 libris
1474 3387 1587 3461 (buttb).
1615 3406 1644 3457 v,
1668 3389 1722 3457 t5;
1749 3405 1813 3456 1111,
1832 3389 1890 3456 t9;

221 3485 361 3550 Quamvis
384 3489 483 3542 autem
512 3483 554 3540 ibi
581 3486 690 3541 Auctor
717 3486 816 3539 noster
839 3479 945 3538 dixerit
956 3479 1012 3536 hoc
1063 3494 1129 3546 xxr,
1153 3477 1188 3533 32
1202 3480 1230 3533 et
1245 3477 1348 3549 seqq),
1371 3493 1499 3550 quornm
1522 3485 1731 3545 summam,ut
1751 3478 1889 3550 superius

185 3573 252 3646 ipso
262 3572 434 3630 calamitoso
457 3579 587 3645 temporo
597 3570 710 3629 nullum
722 3571 758 3628 ab
770 3569 828 3626 illis
838 3568 1012 3642 praetermis·
1063 3567 1193 3622 vidimus
1208 3567 1301 3638 (supr.
1317 3583 1382 3638 cap,
1398 3567 1426 3637 e,
1446 3567 1529 3623 arti
1552 3574 1582 3624 et
1594 3567 1623 3640 5)
1637 3567 1891 3624 demonstraverat

1065 3655 1279 3712 auctoritatem.

77 3819 81 3831 ,
185 3747 316 3806 lominus
336 3747 366 3804 in
395 3747 470 3805 libro
491 3748 665 3805 testificatur
682 3741 1010 3819 quosdamnonaolum
1099 3744 1233 3801 Secundo
1250 3743 1407 3818 respondet
1420 3745 1601 3806 Christianos
1622 3745 1713 3804 nnllls
1737 3747 1826 3804 rebus
1839 3747 1891 3803 ad·

184 3836 311 3912 pedibus
326 3836 424 3906 nudis,
436 3853 536 3894 verum
553 3834 657 3909 positis
671 3835 760 3892 etiam
771 3834 950 3908 dignitatum
965 3832 1010 3888 in·
1063 3832 1155 3889 versis
1181 3833 1211 3889 in
1235 3833 1291 3890 hoc
1313 3835 1422 3891 mundo
1447 3835 1593 3907 niilietari,
1608 3837 1660 3894 sed
1684 3836 1783 3908 potins
1798 3835 1890 3892 laturi

185 3925 503 4000 signibna,quamdam
519 3923 739 3998 praesetulisse
754 3923 1010 3996 poenitentiaspe·
1064 3920 1194 3993 (Tertull.
1221 3922 1272 3979 loc.
1297 3923 1381 3993 cit.);
1410 3923 1650 3996 qnandoquidem
1678 3923 1752 3981 nihil
1777 3923 1891 3996 gratius

186 4016 272 4074 ciem.
287 4019 361 4074 Nam
377 4015 434 4074 aiio
449 4015 479 4072 iu
495 4017 570 4072 libro
583 4032 590 4073 :
601 4019 673 4072 Cum
687 4037 702 4066 a
717 4019 828 4088 stupet,
841 4013 1009 4087 inquitate·
1064 4010 1241 4083 uberiusque
1264 4010 1421 4082 habebant,
1437 4028 1527 4085 quam
1543 4013 1578 4070 de
1599 4012 1655 4070 hoa
1670 4013 1782 4070 mundo
1797 4012 1886 4079 exire,

186 4104 259 4175 lum,
286 4110 316 4163 et
342 4109 407 4163 aret
431 4121 538 4176 annua,
568 4103 757 4178 nudipedalia
787 4103 1010 4172 denuntiantur,
1064 4099 1890 4173 nteitiasaeteruamillamconsequerenturlatinitatem,

186 4193 378 4270 magistratus
392 4209 540 4268 purpuras
567 4197 692 4267 ponunt,
709 4194 802 4250 lances
829 4196 906 4249 retro
927 4207 1010 4248 aser·
1064 4205 1152 4260 quam
1174 4187 1350 4246 certissimis
1365 4205 1399 4245 ao
1413 4188 1522 4245 divinia
1536 4189 1662 4247 oraculis
1677 4189 1736 4249 sibi
1750 4206 1806 4247 nec
1825 4189 1889 4246 aliis

185 4285 263 4356 tnui,
274 4299 390 4356 precem
405 4282 573 4357 indigitant,
586 4281 713 4340 hostiam
728 4283 919 4338 instaurant»
930 4280 1009 4352 (Ter-
1064 4277 1240 4349 promissam
1266 4277 1357 4334 luisse
1380 4283 1458 4334 certo
1474 4277 1584 4334 certius
1598 4285 1749 4336 noverant.
1775 4277 1889 4335 iitbuioi

185 4371 253 4429 tull.
267 4373 305 4430 da
317 4371 422 4445 isium,
437 4387 502 4445 cap.
518 4371 573 4442 id).
1064 4382 1131 4422 vero
1148 4367 1310 4438 nequibant
1322 4365 1412 4424 simili
1428 4366 1514 4424 modo
1530 4367 1620 4439 hujus
1631 4367 1888 4442 argumenti,quod

221 4460 328 4519 Verum
343 4461 391 4519 bia
404 4459 577 4518 idololatris
595 4459 733 4532 operibus
757 4458 832 4515 nihil
847 4457 934 4531 plane
957 4473 1011 4514 neo
1064 4454 1094 4511 in
1110 4471 1160 4512 eos
1176 4455 1253 4512 soloe
1269 4454 1394 4525 valebat,
1409 4455 1467 4512 vim
1491 4471 1623 4529 unquam
1639 4456 1801 4513 infirmare.
1816 4455 1887 4512 liam

186 4549 275 4607 adiis
290 4549 364 4620 suis,
379 4549 429 4622 qui
444 4547 517 4606 nulli
541 4553 634 4621 erant,
650 4565 703 4605 nec
718 4565 736 4606 a
751 4565 816 4604 vero
831 4553 860 4604 et
874 4546 1007 4619 omnipo·
1017 4533 1047 4603 ,Β
1063 4545 1089 4602 si
1104 4543 1220 4602 illorum
1235 4543 1276 4600 dii
1293 4543 1437 4600 mnndum
1454 4549 1572 4616 propter
1584 4543 1889 4610 Christianos,bostes

185 4642 268 4696 iente
278 4637 409 4712 Deo,qui
422 4637 647 4696 aolusomnium
662 4636 805 4693 honorum
820 4635 942 4710 largitor
956 4641 1012 4701 est,
1065 4651 1145 4702 snos,
1162 4633 1290 4708 publicis
1313 4632 1486 4706 premebant
1506 4631 1735 4700 calamitatibus,
1751 4650 1810 4690 non
1826 4634 1889 4691 sine

186 4726 345 4801 impetrare
365 4743 496 4799 unquam
519 4730 663 4800 poterant.
679 4725 750 4791 Quis
765 4730 861 4782 antem
875 4725 937 4797 jam
953 4741 1012 4780 noa
1065 4723 1172 4796 ingrati
1188 4721 1279 4779 animi
1300 4722 1370 4779 vitio
1394 4721 1580 4794 patiebantur
1594 4721 1660 4780 illos
1675 4722 1804 4780 cultores
1820 4739 1888 4780 suos

186 4814 327 4890 intelligit
340 4831 429 4890 qnam
443 4831 511 4872 reru
524 4815 711 4887 certaquesit
721 4813 893 4872 Tertulliani
908 4814 1011 4882 nostri,
1065 4811 1170 4868 iisdem
1186 4812 1320 4869 cladibus
1334 4811 1441 4867 involvi
1460 4826 1467 4868 ι
1487 4829 1498 4860 ι
1514 4813 1603 4881 Quos,
1626 4816 1659 4868 ut
1673 4817 1750 4870 recte
1764 4813 1809 4870 ait
1822 4817 1889 4870 Ter·

188 4905 305 4962 eosdem
334 4901 460 4978 gentiles
485 4902 674 4978 alloquentis,
702 4902 852 4960 conclusio
878 4919 886 4958 ι
915 4925 929 4954 a
953 4901 1013 4958 Vos
1066 4899 1220 4967 tullianus,
1235 4915 1365 4974 separare
1385 4899 1530 4958 debebant
1554 4917 1572 4956 a
1595 4902 1705 4958 meritis
1720 4901 1891 4959 Christiano-

187 4991 281 5067 igitur
296 4992 457 5065 importuni
472 4992 560 5050 sebna
576 4991 727 5066 humanis,
741 5007 794 5049 vos
814 4991 855 5049 rei
881 4990 1012 5064 publicu·
1065 5006 1130 5047 rum
1154 4990 1285 5063 (Tertull.
1310 4989 1400 5063 ibid).
1428 4993 1585 5062 Postquam
1610 5005 1677 5048 vero
1701 4993 1852 5063 expositas
1875 5007 1891 5046 a

186 5097 254 5139 rum
269 5081 534 5152 incommodorum,
549 5097 601 5138 voa
616 5081 762 5139 malorum
778 5080 872 5138 illices
886 5095 1012 5151 semper,
1067 5082 1152 5137 nubis
1167 5081 1197 5136 in
1212 5079 1383 5137 eorumdem
1404 5077 1640 5138 Christianorum
1661 5081 1788 5152 gratiam
1804 5081 1889 5136 ratio·

187 5171 266 5244 apud
295 5185 368 5242 quos
392 5169 474 5233 ‚Deus
503 5170 663 5242 spernitur,
684 5175 785 5226 sutus
809 5170 969 5226 adorantur
997 5189 1011 5219 u
1066 5187 1118 5227 ues
1133 5169 1266 5243 protulit,
1280 5165 1413 5225 ethnicus
1427 5167 1474 5224 bis
1491 5167 1598 5226 affatur
1611 5169 1707 5226 verbis
1723 5185 1731 5226 t
1747 5191 1762 5220 u
1779 5170 1811 5226 Si
1826 5184 1889 5225 sero

187 5258 288 5333 (idem,
304 5257 457 5333 Apolaust,
473 5274 538 5331 cap.
555 5257 599 5330 ll,
615 5274 682 5332 pag.
697 5259 771 5329 ⁴88).
787 5259 819 5316 lu
834 5258 1011 5331 quibusdam
1066 5261 1102 5316 ab
1125 5261 1178 5328 eis,
1195 5275 1269 5333 quoe
1297 5256 1404 5324 colitis,
1420 5258 1521 5315 omnia
1547 5256 1631 5314 vobis
1654 5256 1731 5315 mala
1753 5259 1888 5315 eveniunt

186 5347 368 5408 aditionibus
384 5365 391 5406 :
406 5348 484 5406 ilices
501 5362 617 5420 semper.
639 5350 762 5404 Summa
783 5347 930 5406 enimuero
953 5345 1011 5403 im·
1065 5349 1159 5407 nostri
1174 5364 1273 5421 causa,
1284 5346 1355 5420 quid
1366 5346 1460 5404 colere
1475 5346 1887 5420 perseveratistamingratos,

188 5438 295 5512 pietate
319 5437 410 5494 lalsos
423 5437 505 5506 deor,
521 5439 693 5509 statuasque
708 5436 848 5503 adoratis,
864 5453 896 5495 ac
911 5452 1011 5494 verum
1065 5441 1124 5494 tam
1147 5437 1284 5508 iujustas,
1301 5435 1351 5508 qui
1371 5435 1466 5508 magis
1479 5451 1532 5492 sos
1545 5436 1576 5492 iu
1591 5435 1721 5493 dolorem
1735 5437 1819 5508 (ttss.
1834 5451 1885 5491 uo·

189 5526 351 5600 repudiatis
365 5529 467 5594 mum,
479 5523 531 5596 qni
546 5523 653 5596 impios
666 5529 694 5582 et
708 5523 862 5582 sceleratos
877 5525 1012 5583 homines
1066 5528 1119 5584 stri
1134 5527 1164 5582 ia
1176 5527 1282 5598 dolore)
1298 5511 1532 5583 Christianorum
1554 5525 1692 5597 odiumne
1706 5530 1736 5582 et
1758 5539 1883 5582 assemre

190 5613 319 5692 publicis
327 5611 545 5672 calamitatibus
554 5612 660 5674 merito
670 5613 803 5688 castigat.
815 5613 1012 5689 lpsimstergo
1065 5615 1238 5688 debuerunt,
1250 5630 1324 5688 quos
1338 5627 1474 5686 separare
1488 5613 1628 5672 deberent
1641 5630 1660 5672 a
1673 5613 1786 5678 menda
1801 5610 1880 5670 Glari-
