4152 6192
137 269 218 332 raas
778 219 1203 331 areaarsnusoann.
1764 272 1845 336 asae

133 400 240 475 pandis
267 397 444 457 orbitatibus
471 397 528 469 (99)
555 412 673 455 omnem
706 399 796 455 coacti
821 398 956 471 obsequii
972 406 1000 473 Α
1013 399 1070 456 Sed
1085 397 1190 456 viderit
1202 415 1257 456 aua
1270 397 1328 472 (95)
1338 403 1366 456 et
1376 399 1420 456 sui
1434 401 1568 473 presidis
1583 401 1639 476 (96)
1654 404 1795 476 patientia
1805 407 1840 478 ⁸¹,

132 492 263 548 lahorem
280 485 835 558 mentitisellectiouihnstolerat;qum
846 489 956 544 ventris
1012 505 1100 561 quam
1120 488 1222 545 subter
1245 488 1323 560 ignis
1349 490 1404 562 (97)
1434 495 1591 560 exspectnt.
1619 491 1762 551 Caeterum
1788 511 1843 552 noe

131 574 957 652 operarios(ilssiccutumeliosiepatrocinits⁸⁶snbjcctione
1015 593 1138 634 amenus
1154 577 1324 650 patientiam
1339 577 1577 652 Dei,paticntiam
1594 580 1700 638 Christi
1719 599 1843 658 :repau-

132 667 276 726 lihertatis
295 665 371 738 gule
386 665 409 710 ⁴⁶
423 663 547 721 addicit.
567 663 648 720 'l'alis
664 666 799 721 nationes
814 666 959 736 patiemim
1014 665 1120 724 darnus
1134 665 1175 722 illi
1191 682 1279 738 quam
1296 684 1348 740 pro
1364 668 1449 724 nobis
1465 667 1527 740 ipse
1550 670 1689 744 dependit
1703 673 1737 730 ⁴⁸.
1764 672 1842 731 Offa-

132 757 233 815 studia
247 759 411 824 noverunt;
427 752 538 810 attenti
556 752 624 808 boni
640 768 746 809 nomen
759 753 843 810 fredis
857 770 959 827 opera·
1015 769 1115 810 ramus
1131 753 1303 826 patientiam
1319 755 1452 828 spiritns,
1469 757 1640 830 patientiam
1662 760 1771 834 carnia,
1790 778 1830 835 qu

133 847 265 904 tionibus
279 845 447 917 occupant:
464 842 609 916 patientes
624 841 759 898 rivalium
781 846 810 899 et
833 843 958 900 divitum
1013 842 1043 898 in
1059 843 1304 901 resurrectionem
1325 843 1349 880 ⁴⁰
1374 844 1471 903 carnis
1492 851 1521 902 et
1537 845 1661 920 spiritus
1675 851 1838 908 oredimus.

135 940 164 992 st
178 933 368 992 invitatorum
379 931 445 1004 (ss),
461 930 649 1004 impatientes
665 929 758 988 solius
773 930 824 987 Dei
847 931 957 989 vivunt.

848 1048 949 1111 Varim
964 1049 1125 1113 lectiones.

168 1158 191 1204 ⁸⁸
205 1155 439 1214 Contumeliosus
462 1151 598 1227 patronis
613 1155 715 1237 chuv.
735 1152 796 1236 MS..
806 1153 1027 1211 contumeliosis
1048 1156 1180 1228 patronis
1203 1156 1296 1230 iliaci.
1333 1158 1356 1204 ‘t
1378 1156 1453 1213 Gula
1476 1159 1578 1216 Woaao.
1595 1159 1654 1217 MS.
1679 1169 1834 1238 atramque

131 1230 329 1303 aiestliipott.
366 1226 635 1284 ‘'Viderintsusm
652 1226 851 1299 eurprmsrdes
866 1242 955 1298 quam
970 1229 1053 1284 Fran.
1090 1227 1113 1262 ⁴⁸
1126 1228 1259 1285 Defendit
1274 1229 1358 1287 ntea.
1395 1229 1486 1296 ‘toul
1503 1232 1747 1292 resurrectionem
1762 1237 1835 1294 ica.

853 1343 1115 1406 Commentarius.

129 1452 181 1526 qui
200 1455 342 1510 comatur
363 1448 486 1507 infamia
500 1452 536 1518 (c.
561 1449 584 1504 1.
600 1446 750 1517 athletas),
773 1446 953 1505 lenocinium
1009 1449 1099 1506 aras.
1116 1481 1151 1493 -
1168 1451 1275 1508 Ventris
1288 1453 1439 1525 operarios.
1456 1453 1604 1512 Parasitus
1620 1470 1696 1530 quos
1711 1461 1740 1515 et
1755 1458 1838 1516 buci·

131 1525 200 1582 iacit
215 1525 265 1598 qui
283 1521 461 1597 qumetnsris
476 1519 623 1594 mancipia
636 1519 785 1588 habuerit,
798 1521 848 1576 sed
865 1521 953 1594 etqui
1008 1521 1076 1590 lius,
1093 1522 1215 1579 Vestras
1232 1540 1239 1579 ε

129 1598 160 1653 ih
176 1596 277 1654 liberis
292 1595 377 1666 (addo
388 1609 422 1650 ex
436 1592 582 1650 sententie
592 1593 719 1648 auctoris
729 1591 954 1665 uxorem),hunc

131 1673 277 1742 questum
293 1671 415 1724 exercet.
432 1665 505 1720 Pars.

169 1741 222 1812 (92)
238 1739 420 1823 Hocopaadis
434 1736 612 1793 ortantibus.
631 1734 791 1792 Notissima
811 1739 855 1790 est
869 1735 955 1792 sedu·
1044 1739 1109 1807 lpse
1122 1735 1257 1799 Tertull,
1282 1737 1312 1792 irs
1336 1736 1447 1810 Apolop.
1465 1757 1472 1796 :
1490 1761 1505 1791 a
1528 1741 1651 1797 Parasiti
1677 1742 1757 1813 apud
1782 1757 1834 1798 vce

130 1810 201 1870 litas
217 1811 458 1884 heredipetarum
473 1807 525 1879 qui
539 1807 624 1863 orbos
636 1805 809 1877 caelibesque
825 1805 954 1862 muneri·
1007 1807 1144 1866 alleciant
1166 1808 1202 1864 ad
1226 1808 1350 1880 gloriam
1386 1810 1561 1868 tumulanda
1594 1812 1751 1879 libertatis,
1776 1814 1831 1870 suh

132 1884 189 1941 hus
203 1879 517 1955 omniqueotuoiorum
527 1894 632 1961 genere
648 1876 806 1959 palpabant
821 1881 853 1932 ut
867 1879 953 1933 haere-
969 1884 992 1951 Β
1008 1884 1227 1937 auctoramento
1239 1879 1348 1937 ventris
1359 1879 1831 1956 intercontumeliasaaginandi.a

131 1956 183 2011 des
198 1955 405 2012 scriberentur.
421 1952 461 2008 De
483 1950 520 2006 its
536 1966 565 2004 an
590 1949 746 2014 Paradene
771 1947 896 2005 Tullius.
913 1947 953 2004 De
1008 1952 1164 2025 Propterea
1184 1967 1250 2008 moa
1275 1951 1470 2024 parasitorum
1494 1955 1662 2013 invitatores
1678 1961 1831 2012 coutuma-

131 2027 235 2082 iisdcm
255 2028 285 2082 B.
303 2025 506 2096 Hieronymus,
522 2019 613 2093 llpiat.
629 2023 657 2087 2,
673 2037 737 2093 quse
760 2027 805 2076 est
819 2021 856 2076 od
870 2020 953 2085 Nepo-
1007 2025 1096 2080 licens
1108 2028 1246 2097 patronos
1262 2030 1422 2095 nuncupat.
1436 2029 1528 2093 Atque
1542 2023 1600 2110 ipsi
1615 2028 1741 2099 parasiri
1752 2029 1830 2100 apud

129 2101 243 2156 tionum
264 2115 274 2153 .·
298 2119 313 2148 a
342 2096 435 2166 Audio
463 2100 612 2165 praeterea,
648 2094 677 2148 in
706 2107 791 2150 senes
820 2099 849 2148 at
877 2108 952 2148 anus
1007 2097 1146 2166 comicos,
1168 2094 1664 2182 plagipatidae,etduricapitones.
1698 2100 1733 2156 lli
1755 2101 1830 2157 invi·

130 2170 242 2241 absque
256 2168 368 2238 liberie,
385 2166 581 2238 quorumdam
596 2169 683 2236 turpe
701 2163 863 2220 servitium.
878 2163 951 2246 ipsis
1006 2173 1133 2224 tatarum
1151 2183 1258 2223 mense
1274 2167 1393 2238 iniquae,
1407 2166 1558 2226 luvenalis
1573 2170 1635 2228 Sat.
1651 2172 1714 2227 an.

130 2247 282 2370 :lubili
295 2235 951 2383 Milliull‘lllltttfflatliilliti
1006 2238 1832 2370 attitt‘ltttttlt‘tltiltt“strtttlltttlz

127 2385 408 2458 suscipiunt-‚etc
449 2380 496 2436 ide
511 2385 602 2436 totam
631 2379 797 2450 epistolam,
823 2384 902 2434 tomo
928 2379 949 2434 l.
1005 2383 1112 2438 tientes
1136 2382 1259 2438 divitum
1286 2381 1477 2455 heredipetas
1505 2384 1681 2442 insidiantes
1706 2383 1831 2441 divitum

130 2463 169 2513 De
184 2461 236 2512 Pa.
252 2486 287 2496 —
305 2478 316 2505 a
332 2454 401 2519 Oura
425 2451 609 2523 aucupandis
632 2451 820 2508 orbitatibus.
838 2471 853 2499 a
864 2449 952 2506 Notat
1005 2453 1200 2524 orbitatibne;
1219 2452 1362 2525 patientes
1377 2455 1580 2526 invitatorum,
1605 2455 1763 2528 parasitos,
1778 2457 1831 2528 qui

126 2530 372 2585 testamentorum
388 2529 563 2594 captatores,
582 2538 657 2595 quos
672 2523 762 2580 satira
776 2522 951 2579 duodecima
1006 2526 1081 2598 apud
1097 2525 1267 2582 invitatores
1283 2525 1580 2585 contumeliosissime
1591 2526 1830 2600 pascebantliro.

127 2618 161 2657 ar
184 2600 227 2656 nit
240 2597 401 2654 luvenalis.
418 2596 510 2652 Rasa.
1040 2599 1095 2668 (95)
1111 2597 1164 2654 Sed
1177 2597 1276 2654 viderit
1292 2613 1351 2653 aaa.
1370 2598 1483 2654 Viderit
1503 2599 1645 2671 patientia
1658 2600 1828 2669 Matianum,

162 2617 221 2755 ῗ93)
245 2671 313 2741 Quae
334 2669 439 2726 venais
461 2668 611 2740 operarios.
642 2663 777 2737 Appellat
801 2663 950 2734 operarios
1005 2684 1069 2740 qne
1086 2667 1191 2725 rivslea
1207 2674 1236 2725 et
1251 2667 1355 2725 divites
1370 2673 1399 2726 et
1413 2669 1583 2729 invitatores
1598 2670 1831 2729 contumeliosis·

124 2746 250 2812 ventris,
273 2757 340 2798 oum
362 2739 506 2807 parasitos
532 2743 561 2794 et
588 2735 751 2793 alienarum
777 2750 949 2791 mensarum
1005 2741 1096 2796 simos
1112 2741 1231 2810 patitur.
1249 2740 1313 2796 lira.

126 2814 268 2877 asseclas,
283 2813 391 2886 quibus
406 2811 480 2867 nihil
495 2809 575 2866 aliud
591 2815 637 2865 cst
651 2809 745 2881 magis
761 2823 848 2871 curas,
860 2821 948 2879 quarn
1040 2811 1095 2882 (96)
1112 2811 1163 2867 Sci
1174 2811 1322 2882 presidiis.
1336 2815 1460 2870 Sataum.
1475 2813 1540 2869 an.

127 2893 161 2943 ut
180 2885 274 2942 ventri
298 2885 453 2942 eatisilat:
480 2885 543 2937 tum
566 2897 616 2938 ecs
640 2879 690 2954 qui
714 2894 747 2936 se
770 2878 799 2932 in
825 2878 949 2935 divitum
1039 2882 1093 2952 (97)
1110 2883 1302 2954 Saiteripnis.
1323 2884 1404 2957 Ignis
1418 2886 1517 2942 arcani
1542 2886 1597 2942 sub
1621 2889 1731 2944 terram
1764 2887 1830 2944 the·

124 2957 292 3016 clientelam
310 2958 442 3022 tradunt,
459 2953 567 3026 quihus
591 2951 633 3008 illi
659 2956 762 3026 postea
777 2949 947 3009 abutantur.
1004 2967 1122 3010 saurus.
1138 2957 1203 3011 Rau.

1117 1636 1203 1691 Vlvite,
1220 1636 1339 1690 lurcones,
1352 1637 1507 1695 comederes,
1522 1640 1601 1694 vivite,
1618 1645 1728 1690 ventre.

1353 3105 1830 3124 Ἣ

222 3233 313 3435 Ο.
375 3231 653 3398 SEPT.
716 3231 1003 3408 FLOR.
1063 3201 1737 3450 TERTULLIANI

430 3497 539 3593 An
590 3493 961 3596 UXOREM
1002 3493 1239 3596 HBR!
1296 3494 1464 3596 191Ῑο
1486 3478 1522 3594 1.

742 3663 926 3759 LIBER
959 3663 1204 3762 PRIMUS.

820 3967 1135 4028 sucumbimus.

159 4085 361 4152 Tertullianus,
377 4084 437 4144 aive
451 4090 533 4142 etate
548 4083 590 4142 vel
607 4082 705 4142 morhn
717 4084 931 4155 ingravescente
945 4085 1144 4152 municarius
1155 4084 1215 4155 jam
1231 4084 1316 4143 rehna
1330 4084 1513 4145 secularibus
1527 4086 1662 4143 nuntium
1680 4086 1830 4157 missurus,

121 4182 155 4231 ut
168 4175 274 4231 arctius
288 4174 478 4230 Christianam
496 4172 674 4243 profiteretur
688 4173 882 4244 disciplinam,
898 4180 924 4230 et
936 4173 971 4228 ad
998 4173 1131 4230 sublimis
1156 4175 1306 4233 sacerdotii
1330 4174 1440 4246 lastigie
1463 4173 1639 4244 eveheretur,
1664 4176 1699 4231 sd
1715 4190 1830 4233 uxorem

122 4265 205 4334 quasi
221 4264 382 4319 tastamenti
399 4261 507 4318 tabulam
520 4261 669 4331 condiditi,
685 4263 756 4319 duos
770 4277 874 4333 nempe
889 4262 974 4318 hosce
988 4261 1086 4328 libros,
1102 4263 1268 4334 inquorum
1286 4265 1378 4334 primo
1392 4279 1508 4320 uxorem
1538 4278 1622 4320 suam
1644 4262 1775 4320 hortatur
1802 4267 1834 4320 nt

122 4351 147 4408 ei
165 4351 241 4422 prior
252 4351 313 4423 ipae
324 4351 360 4407 ad
377 4349 529 4406 Dominum
545 4349 716 4422 migraverit,
733 4350 897 4407 sacrandis
913 4349 1018 4420 nuptiis
1037 4349 1190 4420 abstineat,
1207 4351 1236 4407 in
1253 4352 1343 4408 altero
1367 4364 1431 4408 vero
1457 4349 1586 4423 precipit
1610 4357 1641 4407 ut
1663 4351 1687 4406 si
1716 4350 1834 4422 nubere,

122 4439 204 4510 velit,
218 4445 329 4496 tantum
344 4453 410 4497 cum
425 4438 586 4496 Christiano
599 4439 659 4496 viro
672 4439 870 4511 coniungatur.
887 4439 935 4496 Sic
949 4454 979 4495 se
995 4437 1079 4496 habat
1093 4440 1181 4498 totius
1194 4440 1289 4520 operia
1299 4447 1473 4512 prospectus.

396 4684 514 4743 CAPUT
536 4683 687 4742 PRIMUM.
1014 4686 1083 4743 hine
1111 4687 1263 4760 providere
1293 4687 1418 4756 sarm
1449 4689 1481 4742 ut
1509 4683 1660 4758 provisum
1689 4685 1837 4758 observes,

165 4773 293 4846 Dignum
318 4774 387 4830 duxi
412 4775 434 4845 ²,
461 4771 650 4829 dilectissima
676 4771 749 4828 mihi
765 4773 820 4829 ⁸iu
833 4773 956 4831 Domino
1013 4777 1154 4833 mandare
1169 4777 1237 4834 fidei
1251 4782 1316 4832 tue.
1333 4780 1404 4831 Nam
1420 4774 1612 4832 secularibus
1631 4773 1704 4831 eatis
1718 4780 1839 4848 agentes

125 4880 279 4930 conserva,
296 4863 365 4935 qnid
382 4861 436 4918 tibi
452 4862 625 4918 sectandum
649 4860 687 4917 eit
710 4866 778 4934 poet
792 4862 956 4920 discessum
1013 4879 1117 4920 sumus
1132 4870 1161 4920 et
1179 4865 1297 4938 utrique
1314 4870 1448 4920 nostrum
1474 4861 1642 4920 consultum
1663 4861 1801 4920 volumus
1816 4865 1836 4922 ⁸.

124 4956 166 5012 de
181 4951 289 5010 seculo
305 4967 416 5021 meum,
440 4951 465 5006 si
490 4951 571 5024 prior
585 4953 614 5006 te
637 4949 720 5006 luero
743 4956 874 5022 vocatus,
892 4951 957 5022 jem
1014 4952 1169 5009 sitatibus
1189 4952 1559 5024 tabulasordinamus(t),
1582 4966 1634 5008 cur
1658 4968 1718 5008 non
1743 4953 1839 5028 magis

829 5069 932 5132 Variae
953 5071 1115 5132 lectiones.

168 5175 313 5233 ¹Additcr
327 5177 364 5232 de
378 5174 447 5232 unis
461 5175 574 5248 nuptiis
589 5177 672 5234 Fron.
724 5175 876 5248 ¹Dignum
893 5177 1212 5247 dusi,abercoprimc
1235 5173 1322 5232 iiten.
1362 5177 1428 5232 ⁸lta
1450 5176 1533 5231 Fron.
1557 5175 1648 5233 Poris.
1678 5177 1740 5249 llrp.
1765 5177 1840 5237 mihi

123 5249 204 5307 delei
218 5248 333 5304 Semter.
370 5247 438 5302 ‘lto
452 5263 490 5302 ea
503 5249 674 5304 auctoritate
687 5247 750 5304 cod.
765 5247 848 5319 Apch.
866 5265 946 5305 cons.
961 5248 1018 5304 vol.
1036 5247 1143 5304 talibus
1157 5246 1267 5304 talibus
1284 5247 1347 5303 ord.
1363 5248 1436 5304 banc
1451 5247 1540 5304 locam
1554 5247 1710 5306 emendavit
1725 5251 1841 5322 lupuit:

125 5323 282 5450 msam·
296 5320 325 5376 Si
341 5319 376 5420 de
391 5318 501 5376 talibus
516 5319 578 5374 ord.
593 5319 679 5374 Semt.
697 5335 732 5375 aa
744 5322 786 5375 ed.
804 5322 895 5392 princ.
912 5319 1049 5376 volumus
1073 5319 1182 5378 talibus
1197 5321 1261 5376 ord.
1278 5321 1373 5377 coenri
1388 5335 1395 5377 :
1411 5322 1441 5376 et
1454 5319 1565 5378 talibus
1582 5321 1656 5394 ord.‚
1671 5319 1718 5378 vel
1732 5320 1759 5377 si
1774 5319 1841 5379 tali·

844 5492 1106 5556 Commentarius.

166 5601 206 5683 (ί)
222 5601 334 5657 latitas
353 5595 656 5680 tutatos-ordinamus.
678 5596 890 5671 Caecilianus,
914 5604 963 5656 Ec·
1018 5604 1152 5683 vescente
1181 5598 1361 5671 admonitus,
1393 5599 1484 5657 libros
1522 5600 1557 5658 ad
1596 5613 1716 5657 uxorem
1744 5597 1843 5658 adhuc

129 5673 231 5732 classe
245 5670 488 5743 Carthaginensrs
503 5667 667 5741 presbyter,
684 5673 771 5727 atate
789 5671 849 5742 jam
864 5673 962 5746 ingra-
1016 5671 1146 5729 vividam
1162 5671 1248 5744 duca,
1263 5673 1347 5744 qussi
1362 5672 1532 5731 testamenti
1547 5671 1664 5730 tahnlae
1687 5669 1840 5732 condMit:

294 5799 431 5866 Panaca.
454 5797 481 5864 1.
812 5795 813 5798 '
1640 5801 1681 5866 tt
