<?xml version="1.0" encoding="UTF-8"?>
<!DOCTYPE html PUBLIC "-//W3C//DTD XHTML 1.0 Transitional//EN"
    "http://www.w3.org/TR/xhtml1/DTD/xhtml1-transitional.dtd">
<html xmlns="http://www.w3.org/1999/xhtml" xml:lang="en" lang="en">
 <head>
  <title>
</title>
<meta http-equiv="Content-Type" content="text/html;charset=utf-8" />
  <meta name='ocr-system' content='tesseract 3.04.00' />
  <meta name='ocr-capabilities' content='ocr_page ocr_carea ocr_par ocr_line ocrx_word'/>
</head>
<body>
  <div class='ocr_page' id='page_1' title='image "./patrologiaecurs98unkngoog/patrologiaecurs98unkngoog_0680.png"; bbox 0 0 4152 6192; ppageno 0'>
   <div class='ocr_carea' id='block_1_1' title="bbox 144 305 2026 422">
    <p class='ocr_par' dir='ltr' id='par_1_1' title="bbox 144 305 2026 422">
     <span class='ocr_line' id='line_1_1' title="bbox 144 305 2026 422; baseline -0.01 -8"><span class='ocrx_word' id='word_1_1' title='bbox 144 351 224 414; x_wconf 80' lang='lat' dir='ltr'><strong>aare</strong></span> <span class='ocrx_word' id='word_1_2' title='bbox 755 339 873 404; x_wconf 81' lang='lat' dir='ltr'><strong>sisne</strong></span> <span class='ocrx_word' id='word_1_3' title='bbox 893 341 945 404; x_wconf 90' lang='lat' dir='ltr'><strong>ns</strong></span> <span class='ocrx_word' id='word_1_4' title='bbox 964 305 1236 404; x_wconf 63' lang='lat' dir='ltr'><strong>emmerami?</strong></span> <span class='ocrx_word' id='word_1_5' title='bbox 1625 369 1629 378; x_wconf 87' lang='lat'><em>·</em></span> <span class='ocrx_word' id='word_1_6' title='bbox 1770 349 1849 409; x_wconf 71' lang='lat' dir='ltr'><strong>iao</strong></span> <span class='ocrx_word' id='word_1_7' title='bbox 1912 306 1916 315; x_wconf 80' lang='grc'><strong>“</strong></span> <span class='ocrx_word' id='word_1_8' title='bbox 2017 341 2026 422; x_wconf 76' lang='lat' dir='ltr'><strong>i</strong></span> 
     </span>
    </p>
   </div>
   <div class='ocr_carea' id='block_1_2' title="bbox 140 470 1850 732">
    <p class='ocr_par' dir='ltr' id='par_1_2' title="bbox 140 470 1850 732">
     <span class='ocr_line' id='line_1_2' title="bbox 140 470 1846 547; baseline -0.002 -8"><span class='ocrx_word' id='word_1_9' title='bbox 140 478 342 539; x_wconf 83' lang='lat' dir='ltr'><strong>rorationibus</strong></span> <span class='ocrx_word' id='word_1_10' title='bbox 372 475 434 532; x_wconf 90' lang='lat' dir='ltr'><strong>tnie</strong></span> <span class='ocrx_word' id='word_1_11' title='bbox 461 473 644 532; x_wconf 87' lang='lat' dir='ltr'><strong>circumduci</strong></span> <span class='ocrx_word' id='word_1_12' title='bbox 660 471 745 529; x_wconf 87' lang='lat' dir='ltr'><strong>iaoilo</strong></span> <span class='ocrx_word' id='word_1_13' title='bbox 759 477 804 528; x_wconf 87' lang='lat' dir='ltr'><strong>asi</strong></span> <span class='ocrx_word' id='word_1_14' title='bbox 817 473 882 543; x_wconf 70' lang='grc'><strong>(54).</strong></span> <span class='ocrx_word' id='word_1_15' title='bbox 912 471 967 528; x_wconf 88' lang='lat' dir='ltr'><strong>Sed</strong></span> <span class='ocrx_word' id='word_1_16' title='bbox 983 471 1010 540; x_wconf 73' lang='grc' dir='ltr'><strong>Α</strong></span> <span class='ocrx_word' id='word_1_17' title='bbox 1025 470 1157 545; x_wconf 87' lang='lat' dir='ltr'><strong>integer;</strong></span> <span class='ocrx_word' id='word_1_18' title='bbox 1172 473 1312 529; x_wconf 59' lang='lat' dir='ltr'><strong>exindo?</strong></span> <span class='ocrx_word' id='word_1_19' title='bbox 1332 475 1427 547; x_wconf 88' lang='lat' dir='ltr'><strong>quoad</strong></span> <span class='ocrx_word' id='word_1_20' title='bbox 1452 475 1609 532; x_wconf 88' lang='lat' dir='ltr'><strong>Dominum</strong></span> <span class='ocrx_word' id='word_1_21' title='bbox 1633 476 1761 534; x_wconf 86' lang='lat' dir='ltr'><strong>senseris</strong></span> <span class='ocrx_word' id='word_1_22' title='bbox 1776 479 1846 546; x_wconf 83' lang='lat' dir='ltr'><strong>(di),</strong></span> 
     </span>
     <span class='ocr_line' id='line_1_3' title="bbox 140 559 1847 639; baseline -0.004 -10"><span class='ocrx_word' id='word_1_23' title='bbox 140 571 219 628; x_wconf 91' lang='lat' dir='ltr'><strong>Deus</strong></span> <span class='ocrx_word' id='word_1_24' title='bbox 243 569 383 624; x_wconf 87' lang='lat' dir='ltr'><strong>thesauro</strong></span> <span class='ocrx_word' id='word_1_25' title='bbox 411 580 465 622; x_wconf 89' lang='lat' dir='ltr'><strong>suo</strong></span> <span class='ocrx_word' id='word_1_26' title='bbox 488 563 631 638; x_wconf 82' lang='lat' dir='ltr'>providet,</span> <span class='ocrx_word' id='word_1_27' title='bbox 657 577 710 617; x_wconf 90' lang='lat' dir='ltr'><strong>neo</strong></span> <span class='ocrx_word' id='word_1_28' title='bbox 733 561 805 618; x_wconf 91' lang='lat' dir='ltr'><strong>sinit</strong></span> <span class='ocrx_word' id='word_1_29' title='bbox 828 561 966 632; x_wconf 89' lang='lat' dir='ltr'><strong>obrepere</strong></span> <span class='ocrx_word' id='word_1_30' title='bbox 1022 559 1095 617; x_wconf 87' lang='lat' dir='ltr'><strong>fides</strong></span> <span class='ocrx_word' id='word_1_31' title='bbox 1111 577 1192 626; x_wconf 84' lang='lat' dir='ltr'><strong>sana,</strong></span> <span class='ocrx_word' id='word_1_32' title='bbox 1214 562 1392 620; x_wconf 89' lang='lat' dir='ltr'><strong>conscientia</strong></span> <span class='ocrx_word' id='word_1_33' title='bbox 1414 563 1502 620; x_wconf 89' lang='lat' dir='ltr'><strong>semel</strong></span> <span class='ocrx_word' id='word_1_34' title='bbox 1521 564 1719 636; x_wconf 73' lang='lat' dir='ltr'><strong>penitentiam</strong></span> <span class='ocrx_word' id='word_1_35' title='bbox 1734 568 1847 639; x_wconf 92' lang='lat' dir='ltr'><strong>ampie-</strong></span> 
     </span>
     <span class='ocr_line' id='line_1_4' title="bbox 140 648 1850 732; baseline -0.005 -14"><span class='ocrx_word' id='word_1_36' title='bbox 140 660 288 732; x_wconf 89' lang='lat' dir='ltr'><strong>indignos.</strong></span> <span class='ocrx_word' id='word_1_37' title='bbox 313 653 388 722; x_wconf 90' lang='lat' dir='ltr'><strong>Quid</strong></span> <span class='ocrx_word' id='word_1_38' title='bbox 404 653 530 725; x_wconf 88' lang='lat' dir='ltr'><strong>donique</strong></span> <span class='ocrx_word' id='word_1_39' title='bbox 550 651 616 708; x_wconf 85' lang='lat' dir='ltr'><strong>sit?</strong></span> <span class='ocrx_word' id='word_1_40' title='bbox 639 651 714 708; x_wconf 85' lang='lat' dir='ltr'><strong>Niitii</strong></span> <span class='ocrx_word' id='word_1_41' title='bbox 736 651 882 719; x_wconf 85' lang='lat' dir='ltr'><strong>oecultum,</strong></span> <span class='ocrx_word' id='word_1_42' title='bbox 897 648 968 722; x_wconf 88' lang='lat' dir='ltr'><strong>quud</strong></span> <span class='ocrx_word' id='word_1_43' title='bbox 1022 655 1099 706; x_wconf 84' lang='lat' dir='ltr'><strong>xats.</strong></span> <span class='ocrx_word' id='word_1_44' title='bbox 1115 651 1270 720; x_wconf 84' lang='lat' dir='ltr'><strong>Ceterum,</strong></span> <span class='ocrx_word' id='word_1_45' title='bbox 1285 651 1309 706; x_wconf 89' lang='lat' dir='ltr'><strong>si</strong></span> <span class='ocrx_word' id='word_1_46' title='bbox 1323 653 1359 707; x_wconf 89' lang='lat' dir='ltr'><strong>ab</strong></span> <span class='ocrx_word' id='word_1_47' title='bbox 1374 652 1459 724; x_wconf 89' lang='lat' dir='ltr'><strong>equis</strong></span> <span class='ocrx_word' id='word_1_48' title='bbox 1471 668 1589 724; x_wconf 86' lang='lat' dir='ltr'><strong>peceare</strong></span> <span class='ocrx_word' id='word_1_49' title='bbox 1602 653 1784 725; x_wconf 84' lang='lat' dir='ltr'><strong>desistimus,</strong></span> <span class='ocrx_word' id='word_1_50' title='bbox 1801 671 1850 710; x_wconf 88' lang='lat' dir='ltr'><strong>ne·</strong></span> 
     </span>
    </p>
   </div>
   <div class='ocr_carea' id='block_1_3' title="bbox 140 731 2032 815">
    <p class='ocr_par' dir='ltr' id='par_1_3' title="bbox 140 731 2032 815">
     <span class='ocr_line' id='line_1_5' title="bbox 140 731 2032 815; baseline -0.004 -12"><span class='ocrx_word' id='word_1_51' title='bbox 140 765 197 808; x_wconf 78' lang='lat' dir='ltr'><strong>noa</strong></span> <span class='ocrx_word' id='word_1_52' title='bbox 223 746 392 804; x_wconf 67' lang='lat' dir='ltr'><strong>revelabitur</strong></span> <span class='ocrx_word' id='word_1_53' title='bbox 417 743 493 815; x_wconf 82' lang='lat' dir='ltr'><strong>(Luc.</strong></span> <span class='ocrx_word' id='word_1_54' title='bbox 532 758 593 810; x_wconf 84' lang='lat' dir='ltr'><strong>vivi,</strong></span> <span class='ocrx_word' id='word_1_55' title='bbox 628 741 681 810; x_wconf 82' lang='grc'><strong>17).</strong></span> <span class='ocrx_word' id='word_1_56' title='bbox 722 739 969 811; x_wconf 73' lang='lat' dir='ltr'><strong>Quantascunque</strong></span> <span class='ocrx_word' id='word_1_57' title='bbox 1024 737 1172 808; x_wconf 88' lang='lat' dir='ltr'><strong>cessitate,</strong></span> <span class='ocrx_word' id='word_1_58' title='bbox 1188 756 1246 796; x_wconf 92' lang='lat' dir='ltr'><strong>non</strong></span> <span class='ocrx_word' id='word_1_59' title='bbox 1262 744 1367 811; x_wconf 88' lang='lat' dir='ltr'><strong>sponte</strong></span> <span class='ocrx_word' id='word_1_60' title='bbox 1392 741 1444 812; x_wconf 80' lang='grc'><strong>(62)</strong></span> <span class='ocrx_word' id='word_1_61' title='bbox 1470 741 1667 798; x_wconf 87' lang='lat' dir='ltr'><strong>innocentiam</strong></span> <span class='ocrx_word' id='word_1_62' title='bbox 1684 743 1846 799; x_wconf 87' lang='lat' dir='ltr'><strong>induimus.</strong></span> <span class='ocrx_word' id='word_1_63' title='bbox 1926 741 1935 760; x_wconf 70' lang='lat'>⁸</span> <span class='ocrx_word' id='word_1_64' title='bbox 2029 731 2032 796; x_wconf 79' lang='lat' dir='ltr'><strong>l</strong></span> 
     </span>
    </p>
   </div>
   <div class='ocr_carea' id='block_1_4' title="bbox 141 827 1849 994">
    <p class='ocr_par' dir='ltr' id='par_1_4' title="bbox 141 827 1849 994">
     <span class='ocr_line' id='line_1_6' title="bbox 141 827 1849 902; baseline -0.005 -5"><span class='ocrx_word' id='word_1_65' title='bbox 141 838 280 897; x_wconf 78' lang='lat' dir='ltr'><strong>tenebras</strong></span> <span class='ocrx_word' id='word_1_66' title='bbox 296 830 702 902; x_wconf 86' lang='lat' dir='ltr'><strong>lactistuissuperstrnxeris,</strong></span> <span class='ocrx_word' id='word_1_67' title='bbox 714 827 968 884; x_wconf 86' lang='lat' dir='ltr'><strong>Densiumsnest.</strong></span> <span class='ocrx_word' id='word_1_68' title='bbox 1026 827 1097 892; x_wconf 88' lang='lat' dir='ltr'><strong>Qnis</strong></span> <span class='ocrx_word' id='word_1_69' title='bbox 1112 843 1180 900; x_wconf 88' lang='lat' dir='ltr'><strong>ergo</strong></span> <span class='ocrx_word' id='word_1_70' title='bbox 1206 829 1235 884; x_wconf 91' lang='lat' dir='ltr'><strong>in</strong></span> <span class='ocrx_word' id='word_1_71' title='bbox 1260 829 1389 884; x_wconf 88' lang='lat' dir='ltr'><strong>bonitate</strong></span> <span class='ocrx_word' id='word_1_72' title='bbox 1405 829 1595 900; x_wconf 76' lang='lat' dir='ltr'><strong>precellens?</strong></span> <span class='ocrx_word' id='word_1_73' title='bbox 1619 831 1665 886; x_wconf 89' lang='lat' dir='ltr'><strong>oui</strong></span> <span class='ocrx_word' id='word_1_74' title='bbox 1689 848 1746 887; x_wconf 92' lang='lat' dir='ltr'><strong>non</strong></span> <span class='ocrx_word' id='word_1_75' title='bbox 1770 832 1849 900; x_wconf 89' lang='lat' dir='ltr'><strong>licet,</strong></span> 
     </span>
     <span class='ocr_line' id='line_1_7' title="bbox 145 915 1847 994; baseline -0.004 -11"><span class='ocrx_word' id='word_1_76' title='bbox 145 927 269 994; x_wconf 89' lang='lat' dir='ltr'><strong>Quidam</strong></span> <span class='ocrx_word' id='word_1_77' title='bbox 286 929 384 980; x_wconf 87' lang='lat' dir='ltr'><strong>sutem</strong></span> <span class='ocrx_word' id='word_1_78' title='bbox 405 922 447 976; x_wconf 91' lang='lat' dir='ltr'><strong>sio</strong></span> <span class='ocrx_word' id='word_1_79' title='bbox 470 920 639 992; x_wconf 90' lang='lat' dir='ltr'><strong>opinentur,</strong></span> <span class='ocrx_word' id='word_1_80' title='bbox 654 917 739 990; x_wconf 89' lang='lat' dir='ltr'><strong>qusai</strong></span> <span class='ocrx_word' id='word_1_81' title='bbox 760 917 837 973; x_wconf 79' lang='lat' dir='ltr'><strong>Usus</strong></span> <span class='ocrx_word' id='word_1_82' title='bbox 854 932 971 972; x_wconf 90' lang='lat' dir='ltr'><strong>necesse</strong></span> <span class='ocrx_word' id='word_1_83' title='bbox 1026 921 1078 972; x_wconf 86' lang='lat' dir='ltr'><strong>aut</strong></span> <span class='ocrx_word' id='word_1_84' title='bbox 1092 915 1113 951; x_wconf 77' lang='lat'><strong>⁵⁰</strong></span> <span class='ocrx_word' id='word_1_85' title='bbox 1142 917 1188 972; x_wconf 92' lang='lat' dir='ltr'><strong>oui</strong></span> <span class='ocrx_word' id='word_1_86' title='bbox 1213 917 1347 988; x_wconf 87' lang='lat' dir='ltr'><strong>displicet</strong></span> <span class='ocrx_word' id='word_1_87' title='bbox 1371 917 1448 974; x_wconf 88' lang='lat' dir='ltr'><strong>malo</strong></span> <span class='ocrx_word' id='word_1_88' title='bbox 1467 919 1559 974; x_wconf 88' lang='lat' dir='ltr'><strong>sese?</strong></span> <span class='ocrx_word' id='word_1_89' title='bbox 1582 920 1632 991; x_wconf 92' lang='lat' dir='ltr'><strong>qni</strong></span> <span class='ocrx_word' id='word_1_90' title='bbox 1651 920 1784 991; x_wconf 75' lang='lat' dir='ltr'><strong>Jubetur,</strong></span> <span class='ocrx_word' id='word_1_91' title='bbox 1811 939 1847 976; x_wconf 91' lang='lat' dir='ltr'><strong>an</strong></span> 
     </span>
    </p>
   </div>
   <div class='ocr_carea' id='block_1_5' title="bbox 145 995 2037 1090">
    <p class='ocr_par' dir='ltr' id='par_1_5' title="bbox 145 995 2037 1090">
     <span class='ocr_line' id='line_1_8' title="bbox 145 995 2037 1090; baseline -0.005 -16"><span class='ocrx_word' id='word_1_92' title='bbox 145 1016 407 1087; x_wconf 81' lang='lat' dir='ltr'><strong>habeatprsstare</strong></span> <span class='ocrx_word' id='word_1_93' title='bbox 428 1008 517 1064; x_wconf 88' lang='lat' dir='ltr'><strong>etiam</strong></span> <span class='ocrx_word' id='word_1_94' title='bbox 542 1007 765 1080; x_wconf 89' lang='lat' dir='ltr'><strong>indignisquod</strong></span> <span class='ocrx_word' id='word_1_95' title='bbox 790 1003 970 1078; x_wconf 79' lang='lat' dir='ltr'><strong>spopondit:</strong></span> <span class='ocrx_word' id='word_1_96' title='bbox 1027 1003 1850 1080; x_wconf 74' lang='lat' dir='ltr'><strong>quidelectaturacriminevacareiiiirgoneoslnrto</strong></span> <span class='ocrx_word' id='word_1_97' title='bbox 1907 1014 1913 1026; x_wconf 96' lang='lat'>&#39;</span> <span class='ocrx_word' id='word_1_98' title='bbox 1995 995 1997 1003; x_wconf 48' lang='lat'><strong><em>¹</em></strong></span> <span class='ocrx_word' id='word_1_99' title='bbox 2034 1062 2037 1090; x_wconf 42' lang='lat'>4</span> 
     </span>
    </p>
   </div>
   <div class='ocr_carea' id='block_1_6' title="bbox 147 1094 1868 2947">
    <p class='ocr_par' dir='ltr' id='par_1_6' title="bbox 147 1094 1868 2947">
     <span class='ocr_line' id='line_1_9' title="bbox 147 1094 1852 1172; baseline -0.004 -11"><span class='ocrx_word' id='word_1_100' title='bbox 147 1110 176 1162; x_wconf 86' lang='lat' dir='ltr'><strong>at</strong></span> <span class='ocrx_word' id='word_1_101' title='bbox 192 1101 399 1159; x_wconf 75' lang='lat' dir='ltr'><strong>liberalitatem</strong></span> <span class='ocrx_word' id='word_1_102' title='bbox 427 1097 492 1168; x_wconf 87' lang='lat' dir='ltr'><strong>ejus</strong></span> <span class='ocrx_word' id='word_1_103' title='bbox 508 1097 620 1152; x_wconf 88' lang='lat' dir='ltr'><strong>iaciunt</strong></span> <span class='ocrx_word' id='word_1_104' title='bbox 645 1095 825 1150; x_wconf 84' lang='lat' dir='ltr'><strong>servitutem.</strong></span> <span class='ocrx_word' id='word_1_105' title='bbox 842 1094 922 1158; x_wconf 90' lang='lat' dir='ltr'><strong>Quod</strong></span> <span class='ocrx_word' id='word_1_106' title='bbox 947 1094 973 1150; x_wconf 86' lang='lat' dir='ltr'><strong>si</strong></span> <span class='ocrx_word' id='word_1_107' title='bbox 1028 1109 1134 1149; x_wconf 87' lang='lat' dir='ltr'><strong>manus</strong></span> <span class='ocrx_word' id='word_1_108' title='bbox 1149 1101 1327 1164; x_wconf 84' lang='lat' dir='ltr'><strong>evertemus,</strong></span> <span class='ocrx_word' id='word_1_109' title='bbox 1349 1096 1406 1152; x_wconf 90' lang='lat' dir='ltr'><strong>nisi</strong></span> <span class='ocrx_word' id='word_1_110' title='bbox 1432 1095 1627 1153; x_wconf 82' lang='lat' dir='ltr'><strong>claustrorum</strong></span> <span class='ocrx_word' id='word_1_111' title='bbox 1643 1097 1752 1162; x_wconf 75' lang='lat' dir='ltr'><strong>demtis</strong></span> <span class='ocrx_word' id='word_1_112' title='bbox 1767 1115 1852 1172; x_wconf 89' lang='lat' dir='ltr'><strong>repu-</strong></span> 
     </span>
     <span class='ocr_line' id='line_1_10' title="bbox 147 1183 1852 1257; baseline -0.011 5"><span class='ocrx_word' id='word_1_113' title='bbox 147 1192 322 1250; x_wconf 63' lang='grc' dir='ltr'><strong>ὓθῦθῦῡῑῑῦῑθ</strong></span> <span class='ocrx_word' id='word_1_114' title='bbox 333 1188 418 1245; x_wconf 86' lang='lat' dir='ltr'><strong>nobis</strong></span> <span class='ocrx_word' id='word_1_115' title='bbox 428 1187 460 1252; x_wconf 68' lang='lat'><strong>“2</strong></span> <span class='ocrx_word' id='word_1_116' title='bbox 472 1185 640 1256; x_wconf 69' lang='lat' dir='ltr'><strong>simbolum</strong></span> <span class='ocrx_word' id='word_1_117' title='bbox 653 1183 973 1256; x_wconf 59' lang='lat' dir='ltr'><strong>mortisindulgetffi),</strong></span> <span class='ocrx_word' id='word_1_118' title='bbox 1028 1187 1097 1254; x_wconf 87' lang='lat' dir='ltr'><strong>guet</strong></span> <span class='ocrx_word' id='word_1_119' title='bbox 1112 1199 1119 1239; x_wconf 92' lang='lat'><strong>:</strong></span> <span class='ocrx_word' id='word_1_120' title='bbox 1137 1197 1189 1238; x_wconf 90' lang='lat' dir='ltr'><strong>nec</strong></span> <span class='ocrx_word' id='word_1_121' title='bbox 1204 1183 1304 1239; x_wconf 87' lang='lat' dir='ltr'><strong>oculus</strong></span> <span class='ocrx_word' id='word_1_122' title='bbox 1320 1201 1336 1238; x_wconf 94' lang='lat' dir='ltr'><strong>e</strong></span> <span class='ocrx_word' id='word_1_123' title='bbox 1351 1185 1446 1256; x_wconf 84' lang='lat' dir='ltr'><strong>stupri</strong></span> <span class='ocrx_word' id='word_1_124' title='bbox 1462 1186 1708 1257; x_wconf 79' lang='lat' dir='ltr'><strong>concupiscentiis</strong></span> <span class='ocrx_word' id='word_1_125' title='bbox 1723 1189 1852 1244; x_wconf 85' lang='lat' dir='ltr'><strong>roirene-</strong></span> 
     </span>
     <span class='ocr_line' id='line_1_11' title="bbox 147 1271 1852 1350; baseline -0.005 -10"><span class='ocrx_word' id='word_1_126' title='bbox 147 1281 252 1339; x_wconf 71' lang='lat'><strong>1280</strong></span> <span class='ocrx_word' id='word_1_127' title='bbox 267 1293 334 1350; x_wconf 89' lang='lat' dir='ltr'><strong>ergo</strong></span> <span class='ocrx_word' id='word_1_128' title='bbox 356 1275 467 1332; x_wconf 89' lang='lat' dir='ltr'><strong>invitus</strong></span> <span class='ocrx_word' id='word_1_129' title='bbox 493 1275 562 1330; x_wconf 88' lang='lat' dir='ltr'><strong>lenit</strong></span> <span class='ocrx_word' id='word_1_130' title='bbox 578 1289 585 1328; x_wconf 93' lang='lat'>:</span> <span class='ocrx_word' id='word_1_131' title='bbox 602 1272 669 1344; x_wconf 91' lang='lat' dir='ltr'><strong>quis</strong></span> <span class='ocrx_word' id='word_1_132' title='bbox 693 1271 772 1329; x_wconf 88' lang='lat' dir='ltr'><strong>enirn</strong></span> <span class='ocrx_word' id='word_1_133' title='bbox 786 1273 808 1307; x_wconf 77' lang='lat'><strong>‘⁷</strong></span> <span class='ocrx_word' id='word_1_134' title='bbox 833 1271 976 1344; x_wconf 87' lang='lat' dir='ltr'><strong>permittit</strong></span> <span class='ocrx_word' id='word_1_135' title='bbox 1030 1287 1107 1338; x_wconf 91' lang='lat' dir='ltr'><strong>mus,</strong></span> <span class='ocrx_word' id='word_1_136' title='bbox 1123 1271 1180 1327; x_wconf 89' lang='lat' dir='ltr'><strong>nisi</strong></span> <span class='ocrx_word' id='word_1_137' title='bbox 1196 1288 1213 1324; x_wconf 88' lang='lat' dir='ltr'><strong>a</strong></span> <span class='ocrx_word' id='word_1_138' title='bbox 1227 1273 1400 1328; x_wconf 89' lang='lat' dir='ltr'><strong>custodibus</strong></span> <span class='ocrx_word' id='word_1_139' title='bbox 1419 1289 1574 1344; x_wconf 88' lang='lat' dir='ltr'><strong>eorporum</strong></span> <span class='ocrx_word' id='word_1_140' title='bbox 1590 1275 1743 1343; x_wconf 87' lang='lat' dir='ltr'><strong>obstructi,</strong></span> <span class='ocrx_word' id='word_1_141' title='bbox 1760 1277 1784 1332; x_wconf 87' lang='lat' dir='ltr'><strong>si</strong></span> <span class='ocrx_word' id='word_1_142' title='bbox 1802 1293 1852 1332; x_wconf 90' lang='lat' dir='ltr'><strong>ne·</strong></span> 
     </span>
     <span class='ocr_line' id='line_1_12' title="bbox 149 1359 1853 1445; baseline -0.005 -17"><span class='ocrx_word' id='word_1_143' title='bbox 149 1381 377 1445; x_wconf 86' lang='lat' dir='ltr'><strong>permansurum</strong></span> <span class='ocrx_word' id='word_1_144' title='bbox 388 1365 429 1435; x_wconf 87' lang='lat' dir='ltr'><strong>id,</strong></span> <span class='ocrx_word' id='word_1_145' title='bbox 441 1363 519 1435; x_wconf 93' lang='lat' dir='ltr'><strong>quod</strong></span> <span class='ocrx_word' id='word_1_146' title='bbox 531 1361 668 1418; x_wconf 90' lang='lat' dir='ltr'><strong>tribuerit</strong></span> <span class='ocrx_word' id='word_1_147' title='bbox 682 1360 883 1417; x_wconf 86' lang='lat' dir='ltr'><strong>invituslNon</strong></span> <span class='ocrx_word' id='word_1_148' title='bbox 893 1361 972 1416; x_wconf 89' lang='lat' dir='ltr'><strong>enim</strong></span> <span class='ocrx_word' id='word_1_149' title='bbox 1031 1374 1079 1414; x_wconf 91' lang='lat' dir='ltr'><strong>mo</strong></span> <span class='ocrx_word' id='word_1_150' title='bbox 1095 1359 1217 1415; x_wconf 88' lang='lat' dir='ltr'><strong>Domino</strong></span> <span class='ocrx_word' id='word_1_151' title='bbox 1231 1360 1348 1416; x_wconf 88' lang='lat' dir='ltr'><strong>deditus</strong></span> <span class='ocrx_word' id='word_1_152' title='bbox 1359 1360 1529 1434; x_wconf 81' lang='lat' dir='ltr'><strong>delinquere</strong></span> <span class='ocrx_word' id='word_1_153' title='bbox 1542 1362 1666 1430; x_wconf 87' lang='lat' dir='ltr'><strong>desinet,</strong></span> <span class='ocrx_word' id='word_1_154' title='bbox 1677 1364 1734 1421; x_wconf 91' lang='lat' dir='ltr'><strong>nisi</strong></span> <span class='ocrx_word' id='word_1_155' title='bbox 1748 1364 1853 1420; x_wconf 88' lang='lat' dir='ltr'><strong>intine-</strong></span> 
     </span>
     <span class='ocr_line' id='line_1_13' title="bbox 148 1447 1852 1528; baseline -0.005 -12"><span class='ocrx_word' id='word_1_156' title='bbox 148 1457 234 1516; x_wconf 90' lang='lat' dir='ltr'><strong>multi</strong></span> <span class='ocrx_word' id='word_1_157' title='bbox 245 1447 826 1528; x_wconf 80' lang='lat' dir='ltr'><strong>postesexoidnntinonamultiedonum</strong></span> <span class='ocrx_word' id='word_1_158' title='bbox 838 1449 911 1505; x_wconf 92' lang='lat' dir='ltr'><strong>illud</strong></span> <span class='ocrx_word' id='word_1_159' title='bbox 922 1466 973 1506; x_wconf 88' lang='lat' dir='ltr'><strong>au·</strong></span> <span class='ocrx_word' id='word_1_160' title='bbox 1030 1448 1110 1504; x_wconf 90' lang='lat' dir='ltr'><strong>tione</strong></span> <span class='ocrx_word' id='word_1_161' title='bbox 1124 1447 1273 1521; x_wconf 86' lang='lat' dir='ltr'><strong>alligatus.</strong></span> <span class='ocrx_word' id='word_1_162' title='bbox 1290 1449 1370 1514; x_wconf 90' lang='lat' dir='ltr'><strong>Quod</strong></span> <span class='ocrx_word' id='word_1_163' title='bbox 1387 1448 1411 1504; x_wconf 87' lang='lat' dir='ltr'><strong>ai</strong></span> <span class='ocrx_word' id='word_1_164' title='bbox 1428 1449 1534 1521; x_wconf 88' lang='lat' dir='ltr'><strong>quiite</strong></span> <span class='ocrx_word' id='word_1_165' title='bbox 1550 1453 1685 1518; x_wconf 85' lang='lat' dir='ltr'><strong>senserit,</strong></span> <span class='ocrx_word' id='word_1_166' title='bbox 1703 1453 1800 1508; x_wconf 85' lang='lat' dir='ltr'><strong>nescio</strong></span> <span class='ocrx_word' id='word_1_167' title='bbox 1815 1470 1852 1509; x_wconf 91' lang='lat' dir='ltr'><strong>en</strong></span> 
     </span>
     <span class='ocr_line' id='line_1_14' title="bbox 148 1536 1855 1612; baseline -0.011 -8"><span class='ocrx_word' id='word_1_168' title='bbox 148 1543 381 1604; x_wconf 80' lang='lat' dir='ltr'><strong>ierturiilisunt</strong></span> <span class='ocrx_word' id='word_1_169' title='bbox 392 1537 976 1611; x_wconf 77' lang='lat' dir='ltr'><strong>scilicet,quiobrepunt,quipcenitentiae</strong></span> <span class='ocrx_word' id='word_1_170' title='bbox 1031 1536 1173 1592; x_wconf 89' lang='lat' dir='ltr'><strong>intinctus</strong></span> <span class='ocrx_word' id='word_1_171' title='bbox 1188 1537 1283 1609; x_wconf 87' lang='lat' dir='ltr'><strong>magis</strong></span> <span class='ocrx_word' id='word_1_172' title='bbox 1306 1536 1506 1603; x_wconf 79' lang='lat' dir='ltr'><strong>contristetur,</strong></span> <span class='ocrx_word' id='word_1_173' title='bbox 1522 1540 1600 1610; x_wconf 93' lang='lat' dir='ltr'><strong>quod</strong></span> <span class='ocrx_word' id='word_1_174' title='bbox 1624 1555 1745 1612; x_wconf 87' lang='lat' dir='ltr'><strong>peecare</strong></span> <span class='ocrx_word' id='word_1_175' title='bbox 1759 1541 1855 1599; x_wconf 87' lang='lat' dir='ltr'><strong>desis.</strong></span> 
     </span>
     <span class='ocr_line' id='line_1_15' title="bbox 149 1625 1856 1706; baseline -0.008 -12"><span class='ocrx_word' id='word_1_176' title='bbox 149 1637 239 1694; x_wconf 86' lang='lat' dir='ltr'><strong>tidem</strong></span> <span class='ocrx_word' id='word_1_177' title='bbox 255 1632 367 1706; x_wconf 84' lang='lat' dir='ltr'><strong>agressi</strong></span> <span class='ocrx_word' id='word_1_178' title='bbox 382 1628 450 1702; x_wconf 83' lang='grc'><strong>(56),</strong></span> <span class='ocrx_word' id='word_1_179' title='bbox 467 1643 557 1701; x_wconf 88' lang='lat' dir='ltr'><strong>super</strong></span> <span class='ocrx_word' id='word_1_180' title='bbox 577 1642 682 1683; x_wconf 86' lang='lat' dir='ltr'><strong>arenas</strong></span> <span class='ocrx_word' id='word_1_181' title='bbox 696 1627 817 1684; x_wconf 87' lang='lat' dir='ltr'><strong>domurn</strong></span> <span class='ocrx_word' id='word_1_182' title='bbox 832 1627 976 1683; x_wconf 86' lang='lat' dir='ltr'><strong>ruituram</strong></span> <span class='ocrx_word' id='word_1_183' title='bbox 1032 1625 1080 1694; x_wconf 87' lang='lat' dir='ltr'><strong>rit,</strong></span> <span class='ocrx_word' id='word_1_184' title='bbox 1096 1641 1184 1697; x_wconf 87' lang='lat' dir='ltr'><strong>quam</strong></span> <span class='ocrx_word' id='word_1_185' title='bbox 1201 1625 1326 1695; x_wconf 86' lang='lat' dir='ltr'><strong>letetur,</strong></span> <span class='ocrx_word' id='word_1_186' title='bbox 1343 1626 1421 1698; x_wconf 93' lang='lat' dir='ltr'><strong>quod</strong></span> <span class='ocrx_word' id='word_1_187' title='bbox 1436 1629 1570 1684; x_wconf 87' lang='lat' dir='ltr'><strong>evaserit.</strong></span> <span class='ocrx_word' id='word_1_188' title='bbox 1586 1629 1688 1700; x_wconf 89' lang='lat' dir='ltr'><strong>ltaque</strong></span> <span class='ocrx_word' id='word_1_189' title='bbox 1703 1630 1856 1688; x_wconf 80' lang='lat' dir='ltr'><strong>audientes</strong></span> 
     </span>
     <span class='ocr_line' id='line_1_16' title="bbox 150 1712 1856 1792; baseline -0.006 -10"><span class='ocrx_word' id='word_1_190' title='bbox 150 1725 305 1783; x_wconf 88' lang='lat' dir='ltr'><strong>oollooant.</strong></span> <span class='ocrx_word' id='word_1_191' title='bbox 321 1720 410 1777; x_wconf 86' lang='lat' dir='ltr'><strong>Nemo</strong></span> <span class='ocrx_word' id='word_1_192' title='bbox 426 1733 495 1790; x_wconf 88' lang='lat' dir='ltr'><strong>ergo</strong></span> <span class='ocrx_word' id='word_1_193' title='bbox 513 1715 569 1772; x_wconf 86' lang='lat' dir='ltr'><strong>sibi</strong></span> <span class='ocrx_word' id='word_1_194' title='bbox 584 1713 730 1786; x_wconf 76' lang='lat' dir='ltr'><strong>aduletur,</strong></span> <span class='ocrx_word' id='word_1_195' title='bbox 746 1717 816 1788; x_wconf 92' lang='lat' dir='ltr'><strong>qnia</strong></span> <span class='ocrx_word' id='word_1_196' title='bbox 831 1715 909 1770; x_wconf 91' lang='lat' dir='ltr'><strong>inter</strong></span> <span class='ocrx_word' id='word_1_197' title='bbox 923 1730 976 1770; x_wconf 86' lang='lat' dir='ltr'><strong>su·</strong></span> <span class='ocrx_word' id='word_1_198' title='bbox 1031 1715 1136 1771; x_wconf 71' lang='lat'><strong>124⁰</strong></span> <span class='ocrx_word' id='word_1_199' title='bbox 1150 1719 1251 1784; x_wconf 86' lang='lat' dir='ltr'><strong>optare</strong></span> <span class='ocrx_word' id='word_1_200' title='bbox 1274 1712 1489 1786; x_wconf 86' lang='lat' dir='ltr'><strong>intinctionem,</strong></span> <span class='ocrx_word' id='word_1_201' title='bbox 1506 1732 1563 1772; x_wconf 93' lang='lat' dir='ltr'><strong>uon</strong></span> <span class='ocrx_word' id='word_1_202' title='bbox 1579 1733 1755 1789; x_wconf 78' lang='lat' dir='ltr'><strong>presumere</strong></span> <span class='ocrx_word' id='word_1_203' title='bbox 1768 1736 1856 1792; x_wconf 87' lang='lat' dir='ltr'><strong>opor-</strong></span> 
     </span>
     <span class='ocr_line' id='line_1_17' title="bbox 152 1801 1858 1903; baseline -0.012 -32"><span class='ocrx_word' id='word_1_204' title='bbox 152 1814 282 1871; x_wconf 91' lang='lat' dir='ltr'><strong>ditorum</strong></span> <span class='ocrx_word' id='word_1_205' title='bbox 299 1806 435 1866; x_wconf 89' lang='lat' dir='ltr'><strong>tirocinia</strong></span> <span class='ocrx_word' id='word_1_206' title='bbox 455 1803 514 1878; x_wconf 87' lang='grc'><strong>(57)</strong></span> <span class='ocrx_word' id='word_1_207' title='bbox 539 1803 708 1877; x_wconf 89' lang='lat' dir='ltr'><strong>deputatur,</strong></span> <span class='ocrx_word' id='word_1_208' title='bbox 732 1803 816 1874; x_wconf 91' lang='lat' dir='ltr'><strong>quasi</strong></span> <span class='ocrx_word' id='word_1_209' title='bbox 839 1820 873 1859; x_wconf 89' lang='lat' dir='ltr'><strong>eo</strong></span> <span class='ocrx_word' id='word_1_210' title='bbox 888 1801 976 1858; x_wconf 89' lang='lat' dir='ltr'><strong>etism</strong></span> <span class='ocrx_word' id='word_1_211' title='bbox 995 1807 1085 1903; x_wconf 77' lang='lat' dir='ltr'><strong>Btet.</strong></span> <span class='ocrx_word' id='word_1_212' title='bbox 1102 1802 1156 1867; x_wconf 91' lang='lat' dir='ltr'><strong>Qui</strong></span> <span class='ocrx_word' id='word_1_213' title='bbox 1174 1802 1253 1858; x_wconf 88' lang='lat' dir='ltr'><strong>enim</strong></span> <span class='ocrx_word' id='word_1_214' title='bbox 1277 1807 1369 1875; x_wconf 89' lang='lat' dir='ltr'><strong>optet,</strong></span> <span class='ocrx_word' id='word_1_215' title='bbox 1386 1803 1511 1861; x_wconf 86' lang='lat' dir='ltr'><strong>honorat</strong></span> <span class='ocrx_word' id='word_1_216' title='bbox 1527 1821 1534 1860; x_wconf 93' lang='lat'><strong>:</strong></span> <span class='ocrx_word' id='word_1_217' title='bbox 1551 1808 1601 1877; x_wconf 89' lang='lat' dir='ltr'><strong>qni</strong></span> <span class='ocrx_word' id='word_1_218' title='bbox 1627 1809 1791 1879; x_wconf 75' lang='lat' dir='ltr'><strong>presumit,</strong></span> <span class='ocrx_word' id='word_1_219' title='bbox 1807 1825 1858 1864; x_wconf 77' lang='lat' dir='ltr'><strong>au.</strong></span> 
     </span>
     <span class='ocr_line' id='line_1_18' title="bbox 154 1890 1859 1970; baseline -0.011 -12"><span class='ocrx_word' id='word_1_220' title='bbox 154 1916 234 1958; x_wconf 84' lang='lat' dir='ltr'><strong>nuns</strong></span> <span class='ocrx_word' id='word_1_221' title='bbox 249 1899 305 1955; x_wconf 91' lang='lat' dir='ltr'><strong>sibi</strong></span> <span class='ocrx_word' id='word_1_222' title='bbox 322 1895 490 1967; x_wconf 87' lang='lat' dir='ltr'><strong>delinquere</strong></span> <span class='ocrx_word' id='word_1_223' title='bbox 498 1891 585 1948; x_wconf 89' lang='lat' dir='ltr'><strong>lineet</strong></span> <span class='ocrx_word' id='word_1_224' title='bbox 596 1892 751 1947; x_wconf 88' lang='lat' dir='ltr'><strong>Dominum</strong></span> <span class='ocrx_word' id='word_1_225' title='bbox 767 1890 857 1947; x_wconf 91' lang='lat' dir='ltr'><strong>simul</strong></span> <span class='ocrx_word' id='word_1_226' title='bbox 872 1906 980 1963; x_wconf 90' lang='lat' dir='ltr'><strong>cogno·</strong></span> <span class='ocrx_word' id='word_1_227' title='bbox 1037 1893 1144 1964; x_wconf 88' lang='lat' dir='ltr'><strong>perbit.</strong></span> <span class='ocrx_word' id='word_1_228' title='bbox 1165 1892 1196 1946; x_wconf 94' lang='lat' dir='ltr'><strong>ln</strong></span> <span class='ocrx_word' id='word_1_229' title='bbox 1214 1890 1262 1946; x_wconf 92' lang='lat' dir='ltr'><strong>iilo</strong></span> <span class='ocrx_word' id='word_1_230' title='bbox 1277 1893 1462 1962; x_wconf 85' lang='lat' dir='ltr'><strong>verecundia,</strong></span> <span class='ocrx_word' id='word_1_231' title='bbox 1476 1892 1506 1948; x_wconf 90' lang='lat' dir='ltr'><strong>in</strong></span> <span class='ocrx_word' id='word_1_232' title='bbox 1522 1893 1578 1950; x_wconf 85' lang='lat' dir='ltr'><strong>iste</strong></span> <span class='ocrx_word' id='word_1_233' title='bbox 1594 1895 1752 1966; x_wconf 89' lang='lat' dir='ltr'><strong>petulentie</strong></span> <span class='ocrx_word' id='word_1_234' title='bbox 1767 1913 1859 1970; x_wconf 64' lang='lat' dir='ltr'><strong>appa.</strong></span> 
     </span>
     <span class='ocr_line' id='line_1_19' title="bbox 153 1979 1858 2060; baseline -0.004 -14"><span class='ocrx_word' id='word_1_235' title='bbox 153 1989 244 2060; x_wconf 87' lang='lat' dir='ltr'><strong>veris,</strong></span> <span class='ocrx_word' id='word_1_236' title='bbox 268 1987 374 2042; x_wconf 90' lang='lat' dir='ltr'><strong>timeas</strong></span> <span class='ocrx_word' id='word_1_237' title='bbox 390 2001 397 2040; x_wconf 75' lang='grc' dir='ltr'>ε</span> <span class='ocrx_word' id='word_1_238' title='bbox 415 1981 504 2038; x_wconf 90' lang='lat' dir='ltr'><strong>simul</strong></span> <span class='ocrx_word' id='word_1_239' title='bbox 530 1979 702 2052; x_wconf 82' lang='lat' dir='ltr'><strong>inspexeris,</strong></span> <span class='ocrx_word' id='word_1_240' title='bbox 728 1979 898 2035; x_wconf 86' lang='lat' dir='ltr'><strong>reverearis.</strong></span> <span class='ocrx_word' id='word_1_241' title='bbox 922 1980 981 2034; x_wconf 77' lang='lat' dir='ltr'><strong>es·</strong></span> <span class='ocrx_word' id='word_1_242' title='bbox 1036 1979 1858 2056; x_wconf 84' lang='lat' dir='ltr'><strong>ret.illesatagit,bianegligit.tilemerericupit‚atbio,</strong></span> 
     </span>
     <span class='ocr_line' id='line_1_20' title="bbox 156 2067 1860 2149; baseline -0.004 -14"><span class='ocrx_word' id='word_1_243' title='bbox 156 2083 254 2135; x_wconf 89' lang='lat' dir='ltr'><strong>terum</strong></span> <span class='ocrx_word' id='word_1_244' title='bbox 279 2073 349 2149; x_wconf 90' lang='lat' dir='ltr'><strong>quid</strong></span> <span class='ocrx_word' id='word_1_245' title='bbox 378 2078 406 2128; x_wconf 91' lang='lat' dir='ltr'><strong>te</strong></span> <span class='ocrx_word' id='word_1_246' title='bbox 435 2068 606 2142; x_wconf 85' lang='lat' dir='ltr'><strong>cognovisse</strong></span> <span class='ocrx_word' id='word_1_247' title='bbox 633 2067 764 2138; x_wconf 88' lang='lat' dir='ltr'><strong>interest,</strong></span> <span class='ocrx_word' id='word_1_248' title='bbox 789 2083 855 2124; x_wconf 90' lang='lat' dir='ltr'><strong>cum</strong></span> <span class='ocrx_word' id='word_1_249' title='bbox 876 2067 981 2124; x_wconf 89' lang='lat' dir='ltr'><strong>iisdem</strong></span> <span class='ocrx_word' id='word_1_250' title='bbox 1037 2075 1070 2124; x_wconf 92' lang='lat' dir='ltr'><strong>ut</strong></span> <span class='ocrx_word' id='word_1_251' title='bbox 1085 2069 1228 2136; x_wconf 89' lang='lat' dir='ltr'><strong>debitum,</strong></span> <span class='ocrx_word' id='word_1_252' title='bbox 1244 2067 1298 2124; x_wconf 90' lang='lat' dir='ltr'><strong>sibi</strong></span> <span class='ocrx_word' id='word_1_253' title='bbox 1315 2070 1581 2141; x_wconf 78' lang='lat' dir='ltr'><strong>repromittitzille</strong></span> <span class='ocrx_word' id='word_1_254' title='bbox 1596 2075 1697 2138; x_wconf 87' lang='lat' dir='ltr'><strong>sumit,</strong></span> <span class='ocrx_word' id='word_1_255' title='bbox 1716 2075 1763 2130; x_wconf 90' lang='lat' dir='ltr'><strong>bio</strong></span> <span class='ocrx_word' id='word_1_256' title='bbox 1779 2075 1860 2129; x_wconf 86' lang='lat' dir='ltr'><strong>inva-</strong></span> 
     </span>
     <span class='ocr_line' id='line_1_21' title="bbox 156 2156 1862 2236; baseline -0.012 -12"><span class='ocrx_word' id='word_1_257' title='bbox 156 2166 292 2236; x_wconf 89' lang='lat' dir='ltr'><strong>incubas,</strong></span> <span class='ocrx_word' id='word_1_258' title='bbox 307 2162 415 2235; x_wconf 85' lang='lat' dir='ltr'><strong>quibus</strong></span> <span class='ocrx_word' id='word_1_259' title='bbox 440 2162 516 2214; x_wconf 87' lang='lat' dir='ltr'><strong>retro</strong></span> <span class='ocrx_word' id='word_1_260' title='bbox 540 2156 685 2230; x_wconf 86' lang='lat' dir='ltr'><strong>ignarus?</strong></span> <span class='ocrx_word' id='word_1_261' title='bbox 710 2157 785 2222; x_wconf 91' lang='lat' dir='ltr'><strong>Quid</strong></span> <span class='ocrx_word' id='word_1_262' title='bbox 808 2161 907 2213; x_wconf 87' lang='lat' dir='ltr'><strong>autem</strong></span> <span class='ocrx_word' id='word_1_263' title='bbox 923 2162 984 2214; x_wconf 89' lang='lat' dir='ltr'><strong>tea</strong></span> <span class='ocrx_word' id='word_1_264' title='bbox 1037 2158 1091 2215; x_wconf 93' lang='lat' dir='ltr'><strong>dit.</strong></span> <span class='ocrx_word' id='word_1_265' title='bbox 1105 2161 1195 2224; x_wconf 85' lang='lat' dir='ltr'><strong>Quem</strong></span> <span class='ocrx_word' id='word_1_266' title='bbox 1211 2173 1331 2214; x_wconf 84' lang='lat' dir='ltr'><strong>censeas</strong></span> <span class='ocrx_word' id='word_1_267' title='bbox 1346 2157 1520 2229; x_wconf 84' lang='lat' dir='ltr'><strong>digniorem,</strong></span> <span class='ocrx_word' id='word_1_268' title='bbox 1538 2159 1594 2216; x_wconf 83' lang='lat' dir='ltr'><strong>uisi</strong></span> <span class='ocrx_word' id='word_1_269' title='bbox 1610 2161 1862 2218; x_wconf 60' lang='lat' dir='ltr'><strong>emendatiorem?</strong></span> 
     </span>
     <span class='ocr_line' id='line_1_22' title="bbox 157 2243 1861 2330; baseline -0.006 -15"><span class='ocrx_word' id='word_1_270' title='bbox 157 2255 285 2330; x_wconf 76' lang='lat' dir='ltr'><strong>perfecto</strong></span> <span class='ocrx_word' id='word_1_271' title='bbox 310 2266 393 2308; x_wconf 82' lang='lat' dir='ltr'><strong>servo</strong></span> <span class='ocrx_word' id='word_1_272' title='bbox 416 2247 473 2320; x_wconf 88' lang='lat'>(58)</span> <span class='ocrx_word' id='word_1_273' title='bbox 497 2245 549 2302; x_wconf 86' lang='lat' dir='ltr'><strong>Dei</strong></span> <span class='ocrx_word' id='word_1_274' title='bbox 561 2245 584 2280; x_wconf 77' lang='lat'><strong>⁴⁸</strong></span> <span class='ocrx_word' id='word_1_275' title='bbox 609 2243 748 2317; x_wconf 88' lang='lat' dir='ltr'><strong>separat?</strong></span> <span class='ocrx_word' id='word_1_276' title='bbox 771 2247 815 2300; x_wconf 82' lang='lat' dir='ltr'><strong>An</strong></span> <span class='ocrx_word' id='word_1_277' title='bbox 837 2244 912 2301; x_wconf 89' lang='lat' dir='ltr'><strong>alius</strong></span> <span class='ocrx_word' id='word_1_278' title='bbox 939 2251 984 2302; x_wconf 90' lang='lat' dir='ltr'><strong>est</strong></span> <span class='ocrx_word' id='word_1_279' title='bbox 1038 2262 1125 2319; x_wconf 90' lang='lat' dir='ltr'><strong>quam</strong></span> <span class='ocrx_word' id='word_1_280' title='bbox 1149 2246 1389 2313; x_wconf 84' lang='lat' dir='ltr'><strong>emendatiorem,</strong></span> <span class='ocrx_word' id='word_1_281' title='bbox 1413 2247 1469 2302; x_wconf 93' lang='lat' dir='ltr'><strong>nisi</strong></span> <span class='ocrx_word' id='word_1_282' title='bbox 1494 2247 1684 2318; x_wconf 87' lang='lat' dir='ltr'><strong>timidiorem,</strong></span> <span class='ocrx_word' id='word_1_283' title='bbox 1700 2254 1730 2304; x_wconf 89' lang='lat' dir='ltr'><strong>et</strong></span> <span class='ocrx_word' id='word_1_284' title='bbox 1752 2249 1861 2306; x_wconf 88' lang='lat' dir='ltr'><strong>ideireo</strong></span> 
     </span>
     <span class='ocr_line' id='line_1_23' title="bbox 157 2331 1863 2406; baseline -0.01 -5"><span class='ocrx_word' id='word_1_285' title='bbox 157 2341 291 2401; x_wconf 86' lang='lat' dir='ltr'><strong>intinctis</strong></span> <span class='ocrx_word' id='word_1_286' title='bbox 317 2337 461 2402; x_wconf 80' lang='lat' dir='ltr'><strong>Christus,</strong></span> <span class='ocrx_word' id='word_1_287' title='bbox 485 2333 562 2390; x_wconf 90' lang='lat' dir='ltr'><strong>alius</strong></span> <span class='ocrx_word' id='word_1_288' title='bbox 583 2331 794 2389; x_wconf 74' lang='lat' dir='ltr'><strong>audientibus?</strong></span> <span class='ocrx_word' id='word_1_289' title='bbox 820 2332 897 2392; x_wconf 86' lang='lat' dir='ltr'><strong>Num</strong></span> <span class='ocrx_word' id='word_1_290' title='bbox 916 2349 984 2406; x_wconf 83' lang='lat' dir='ltr'><strong>spes</strong></span> <span class='ocrx_word' id='word_1_291' title='bbox 1038 2351 1106 2391; x_wconf 91' lang='lat' dir='ltr'><strong>vera</strong></span> <span class='ocrx_word' id='word_1_292' title='bbox 1134 2335 1307 2406; x_wconf 78' lang='lat' dir='ltr'><strong>penitentia</strong></span> <span class='ocrx_word' id='word_1_293' title='bbox 1337 2335 1496 2391; x_wconf 88' lang='lat' dir='ltr'><strong>iunctum?</strong></span> <span class='ocrx_word' id='word_1_294' title='bbox 1521 2337 1631 2392; x_wconf 82' lang='lat' dir='ltr'><strong>&#39;limuit</strong></span> <span class='ocrx_word' id='word_1_295' title='bbox 1658 2339 1736 2394; x_wconf 85' lang='lat' dir='ltr'><strong>enim</strong></span> <span class='ocrx_word' id='word_1_296' title='bbox 1765 2337 1863 2395; x_wconf 63' lang='lat' dir='ltr'><strong>adimo</strong></span> 
     </span>
     <span class='ocr_line' id='line_1_24' title="bbox 156 2419 1864 2502; baseline -0.004 -12"><span class='ocrx_word' id='word_1_297' title='bbox 156 2430 285 2502; x_wconf 87' lang='lat' dir='ltr'><strong>siis‚vel</strong></span> <span class='ocrx_word' id='word_1_298' title='bbox 308 2442 419 2484; x_wconf 89' lang='lat' dir='ltr'><strong>meroes</strong></span> <span class='ocrx_word' id='word_1_299' title='bbox 444 2421 500 2480; x_wconf 89' lang='lat' dir='ltr'><strong>alia</strong></span> <span class='ocrx_word' id='word_1_300' title='bbox 523 2421 649 2478; x_wconf 90' lang='lat' dir='ltr'><strong>iormido</strong></span> <span class='ocrx_word' id='word_1_301' title='bbox 670 2420 788 2492; x_wconf 84' lang='lat' dir='ltr'><strong>judieii,</strong></span> <span class='ocrx_word' id='word_1_302' title='bbox 813 2419 984 2478; x_wconf 87' lang='lat' dir='ltr'><strong>alisneces·</strong></span> <span class='ocrx_word' id='word_1_303' title='bbox 1039 2421 1219 2494; x_wconf 88' lang='lat' dir='ltr'><strong>delinquere,</strong></span> <span class='ocrx_word' id='word_1_304' title='bbox 1243 2436 1280 2476; x_wconf 87' lang='lat' dir='ltr'><strong>ne</strong></span> <span class='ocrx_word' id='word_1_305' title='bbox 1303 2438 1362 2479; x_wconf 93' lang='lat' dir='ltr'><strong>non</strong></span> <span class='ocrx_word' id='word_1_306' title='bbox 1393 2429 1553 2480; x_wconf 90' lang='lat' dir='ltr'><strong>mereretur</strong></span> <span class='ocrx_word' id='word_1_307' title='bbox 1581 2425 1722 2497; x_wconf 88' lang='lat' dir='ltr'><strong>eooipere.</strong></span> <span class='ocrx_word' id='word_1_308' title='bbox 1752 2429 1788 2482; x_wconf 80' lang='lat' dir='ltr'><strong>At</strong></span> <span class='ocrx_word' id='word_1_309' title='bbox 1813 2426 1864 2483; x_wconf 91' lang='lat' dir='ltr'><strong>ille</strong></span> 
     </span>
     <span class='ocr_line' id='line_1_25' title="bbox 159 2507 1865 2594; baseline -0.005 -15"><span class='ocrx_word' id='word_1_310' title='bbox 159 2522 231 2580; x_wconf 88' lang='lat' dir='ltr'><strong>sitae</strong></span> <span class='ocrx_word' id='word_1_311' title='bbox 254 2513 457 2594; x_wconf 71' lang='lat' dir='ltr'><strong>penitentie?</strong></span> <span class='ocrx_word' id='word_1_312' title='bbox 480 2511 640 2568; x_wconf 87' lang='lat' dir='ltr'><strong>Lavacrum</strong></span> <span class='ocrx_word' id='word_1_313' title='bbox 658 2507 730 2566; x_wconf 90' lang='lat' dir='ltr'><strong>illud</strong></span> <span class='ocrx_word' id='word_1_314' title='bbox 754 2509 920 2584; x_wconf 85' lang='lat' dir='ltr'><strong>obsignatio</strong></span> <span class='ocrx_word' id='word_1_315' title='bbox 941 2516 986 2568; x_wconf 88' lang='lat' dir='ltr'><strong>est</strong></span> <span class='ocrx_word' id='word_1_316' title='bbox 1039 2514 1323 2584; x_wconf 84' lang='lat' dir='ltr'><strong>presumptor,oum</strong></span> <span class='ocrx_word' id='word_1_317' title='bbox 1339 2511 1395 2568; x_wconf 91' lang='lat' dir='ltr'><strong>sibi</strong></span> <span class='ocrx_word' id='word_1_318' title='bbox 1407 2515 1634 2584; x_wconf 89' lang='lat' dir='ltr'><strong>repromitteret,</strong></span> <span class='ocrx_word' id='word_1_319' title='bbox 1646 2532 1767 2572; x_wconf 88' lang='lat' dir='ltr'><strong>securus</strong></span> <span class='ocrx_word' id='word_1_320' title='bbox 1782 2515 1865 2572; x_wconf 88' lang='lat' dir='ltr'><strong>soili-</strong></span> 
     </span>
     <span class='ocr_line' id='line_1_26' title="bbox 160 2599 1865 2680; baseline -0.012 -13"><span class='ocrx_word' id='word_1_321' title='bbox 160 2609 230 2668; x_wconf 87' lang='lat' dir='ltr'><strong>lidei</strong></span> <span class='ocrx_word' id='word_1_322' title='bbox 246 2627 253 2666; x_wconf 90' lang='lat'><strong>:</strong></span> <span class='ocrx_word' id='word_1_323' title='bbox 268 2624 331 2680; x_wconf 82' lang='lat' dir='ltr'><strong>que</strong></span> <span class='ocrx_word' id='word_1_324' title='bbox 358 2605 430 2660; x_wconf 87' lang='lat' dir='ltr'><strong>ildes</strong></span> <span class='ocrx_word' id='word_1_325' title='bbox 453 2619 470 2658; x_wconf 85' lang='lat' dir='ltr'><strong>a</strong></span> <span class='ocrx_word' id='word_1_326' title='bbox 493 2599 671 2674; x_wconf 74' lang='lat' dir='ltr'><strong>penitentie</strong></span> <span class='ocrx_word' id='word_1_327' title='bbox 697 2599 752 2672; x_wconf 82' lang='grc'><strong>(59)</strong></span> <span class='ocrx_word' id='word_1_328' title='bbox 775 2600 833 2657; x_wconf 86' lang='lat' dir='ltr'><strong>fide</strong></span> <span class='ocrx_word' id='word_1_329' title='bbox 846 2599 987 2674; x_wconf 86' lang='lat' dir='ltr'><strong>incipitur</strong></span> <span class='ocrx_word' id='word_1_330' title='bbox 1040 2605 1096 2670; x_wconf 87' lang='lat' dir='ltr'><strong>cet,</strong></span> <span class='ocrx_word' id='word_1_331' title='bbox 1111 2601 1213 2656; x_wconf 89' lang='lat' dir='ltr'><strong>timere</strong></span> <span class='ocrx_word' id='word_1_332' title='bbox 1238 2615 1296 2655; x_wconf 95' lang='lat' dir='ltr'><strong>non</strong></span> <span class='ocrx_word' id='word_1_333' title='bbox 1312 2601 1408 2672; x_wconf 88' lang='lat' dir='ltr'><strong>potnit</strong></span> <span class='ocrx_word' id='word_1_334' title='bbox 1424 2617 1431 2657; x_wconf 92' lang='lat'><strong>:</strong></span> <span class='ocrx_word' id='word_1_335' title='bbox 1448 2601 1489 2656; x_wconf 86' lang='lat' dir='ltr'><strong>sio</strong></span> <span class='ocrx_word' id='word_1_336' title='bbox 1512 2617 1564 2658; x_wconf 91' lang='lat' dir='ltr'><strong>nec</strong></span> <span class='ocrx_word' id='word_1_337' title='bbox 1585 2604 1785 2675; x_wconf 67' lang='lat' dir='ltr'><strong>penitentiam</strong></span> <span class='ocrx_word' id='word_1_338' title='bbox 1806 2605 1865 2660; x_wconf 72' lang='lat' dir='ltr'><strong>tm.</strong></span> 
     </span>
     <span class='ocr_line' id='line_1_27' title="bbox 160 2687 1864 2763; baseline -0.006 -4"><span class='ocrx_word' id='word_1_339' title='bbox 160 2705 190 2759; x_wconf 88' lang='lat' dir='ltr'><strong>et</strong></span> <span class='ocrx_word' id='word_1_340' title='bbox 215 2695 445 2756; x_wconf 82' lang='lat' dir='ltr'><strong>commandatur.</strong></span> <span class='ocrx_word' id='word_1_341' title='bbox 470 2689 532 2747; x_wconf 90' lang='lat' dir='ltr'><strong>Non</strong></span> <span class='ocrx_word' id='word_1_342' title='bbox 564 2689 628 2746; x_wconf 89' lang='lat' dir='ltr'><strong>ideo</strong></span> <span class='ocrx_word' id='word_1_343' title='bbox 652 2687 812 2759; x_wconf 87' lang='lat' dir='ltr'><strong>abluimur,</strong></span> <span class='ocrx_word' id='word_1_344' title='bbox 836 2695 868 2746; x_wconf 94' lang='lat' dir='ltr'><strong>ut</strong></span> <span class='ocrx_word' id='word_1_345' title='bbox 890 2689 986 2746; x_wconf 90' lang='lat' dir='ltr'><strong>deiin-</strong></span> <span class='ocrx_word' id='word_1_346' title='bbox 1041 2688 1141 2763; x_wconf 87' lang='lat' dir='ltr'><strong>piavit,</strong></span> <span class='ocrx_word' id='word_1_347' title='bbox 1155 2687 1225 2760; x_wconf 93' lang='lat' dir='ltr'><strong>quia</strong></span> <span class='ocrx_word' id='word_1_348' title='bbox 1245 2689 1441 2745; x_wconf 88' lang='lat' dir='ltr'><strong>instrumento</strong></span> <span class='ocrx_word' id='word_1_349' title='bbox 1464 2690 1652 2763; x_wconf 76' lang='lat' dir='ltr'><strong>penitentie,</strong></span> <span class='ocrx_word' id='word_1_350' title='bbox 1668 2693 1696 2749; x_wconf 91' lang='lat' dir='ltr'><strong>id</strong></span> <span class='ocrx_word' id='word_1_351' title='bbox 1713 2698 1758 2750; x_wconf 89' lang='lat' dir='ltr'><strong>oet</strong></span> <span class='ocrx_word' id='word_1_352' title='bbox 1773 2699 1864 2762; x_wconf 88' lang='lat' dir='ltr'><strong>metu,</strong></span> 
     </span>
     <span class='ocr_line' id='line_1_28' title="bbox 162 2776 1867 2864; baseline -0.008 -17"><span class='ocrx_word' id='word_1_353' title='bbox 162 2804 251 2864; x_wconf 90' lang='lat' dir='ltr'><strong>quare</strong></span> <span class='ocrx_word' id='word_1_354' title='bbox 268 2785 450 2850; x_wconf 88' lang='lat' dir='ltr'><strong>desinamus,</strong></span> <span class='ocrx_word' id='word_1_355' title='bbox 465 2777 605 2852; x_wconf 87' lang='lat' dir='ltr'><strong>quoniam</strong></span> <span class='ocrx_word' id='word_1_356' title='bbox 617 2778 680 2850; x_wconf 84' lang='lat' dir='ltr'><strong>jum</strong></span> <span class='ocrx_word' id='word_1_357' title='bbox 701 2779 789 2834; x_wconf 88' lang='lat' dir='ltr'><strong>cordo</strong></span> <span class='ocrx_word' id='word_1_358' title='bbox 803 2777 855 2834; x_wconf 95' lang='lat' dir='ltr'><strong>loti</strong></span> <span class='ocrx_word' id='word_1_359' title='bbox 869 2795 985 2837; x_wconf 86' lang='lat' dir='ltr'><strong>eumue.</strong></span> <span class='ocrx_word' id='word_1_360' title='bbox 1041 2779 1144 2834; x_wconf 89' lang='lat' dir='ltr'><strong>caruit.</strong></span> <span class='ocrx_word' id='word_1_361' title='bbox 1162 2777 1355 2848; x_wconf 84' lang='lat' dir='ltr'><strong>Presumptio</strong></span> <span class='ocrx_word' id='word_1_362' title='bbox 1370 2776 1583 2835; x_wconf 79' lang='lat' dir='ltr'><strong>inverecundis</strong></span> <span class='ocrx_word' id='word_1_363' title='bbox 1598 2781 1692 2852; x_wconf 92' lang='lat' dir='ltr'><strong>portio</strong></span> <span class='ocrx_word' id='word_1_364' title='bbox 1707 2786 1764 2849; x_wconf 90' lang='lat' dir='ltr'><strong>est,</strong></span> <span class='ocrx_word' id='word_1_365' title='bbox 1775 2782 1867 2839; x_wconf 81' lang='lat' dir='ltr'><strong>insint</strong></span> 
     </span>
     <span class='ocr_line' id='line_1_29' title="bbox 162 2863 1868 2947; baseline -0.004 -14"><span class='ocrx_word' id='word_1_366' title='bbox 162 2883 228 2935; x_wconf 80' lang='lat' dir='ltr'><strong>Bao</strong></span> <span class='ocrx_word' id='word_1_367' title='bbox 239 2875 319 2934; x_wconf 89' lang='lat' dir='ltr'><strong>enim</strong></span> <span class='ocrx_word' id='word_1_368' title='bbox 333 2871 429 2947; x_wconf 89' lang='lat' dir='ltr'><strong>prima</strong></span> <span class='ocrx_word' id='word_1_369' title='bbox 447 2867 593 2924; x_wconf 88' lang='lat' dir='ltr'><strong>audientis</strong></span> <span class='ocrx_word' id='word_1_370' title='bbox 609 2863 743 2922; x_wconf 84' lang='lat' dir='ltr'><strong>intinctio</strong></span> <span class='ocrx_word' id='word_1_371' title='bbox 758 2866 814 2940; x_wconf 82' lang='grc'><strong>(60)</strong></span> <span class='ocrx_word' id='word_1_372' title='bbox 829 2872 874 2924; x_wconf 89' lang='lat' dir='ltr'><strong>eat</strong></span> <span class='ocrx_word' id='word_1_373' title='bbox 890 2873 987 2925; x_wconf 88' lang='lat' dir='ltr'><strong>metus</strong></span> <span class='ocrx_word' id='word_1_374' title='bbox 1042 2868 1206 2940; x_wconf 87' lang='lat' dir='ltr'><strong>petitorem,</strong></span> <span class='ocrx_word' id='word_1_375' title='bbox 1222 2864 1495 2936; x_wconf 88' lang='lat' dir='ltr'><strong>despicitdstorem.</strong></span> <span class='ocrx_word' id='word_1_376' title='bbox 1508 2867 1868 2944; x_wconf 89' lang='lat' dir='ltr'><strong>ltaquedeoipitnonuun·</strong></span> 
     </span>
    </p>
   </div>
   <div class='ocr_carea' id='block_1_7' title="bbox 864 2974 1150 3038">
    <p class='ocr_par' dir='ltr' id='par_1_7' title="bbox 864 2974 1150 3038">
     <span class='ocr_line' id='line_1_30' title="bbox 864 2974 1150 3038; baseline -0.017 0"><span class='ocrx_word' id='word_1_377' title='bbox 864 2974 966 3038; x_wconf 83' lang='lat' dir='ltr'><strong>Varie</strong></span> <span class='ocrx_word' id='word_1_378' title='bbox 990 2975 1150 3038; x_wconf 89' lang='lat' dir='ltr'><strong>lectiones.</strong></span> 
     </span>
    </p>
   </div>
   <div class='ocr_carea' id='block_1_8' title="bbox 162 3069 1871 3286">
    <p class='ocr_par' dir='ltr' id='par_1_8' title="bbox 162 3069 1871 3286">
     <span class='ocr_line' id='line_1_31' title="bbox 199 3069 1871 3197; baseline -0.004 -59"><span class='ocrx_word' id='word_1_379' title='bbox 199 3083 222 3119; x_wconf 80' lang='lat'><strong>⁸⁴</strong></span> <span class='ocrx_word' id='word_1_380' title='bbox 235 3083 269 3138; x_wconf 87' lang='grc' dir='ltr'><strong>Α.</strong></span> <span class='ocrx_word' id='word_1_381' title='bbox 284 3075 420 3135; x_wconf 88' lang='lat' dir='ltr'><strong>Neander</strong></span> <span class='ocrx_word' id='word_1_382' title='bbox 433 3074 495 3129; x_wconf 84' lang='lat' dir='ltr'><strong>bac</strong></span> <span class='ocrx_word' id='word_1_383' title='bbox 510 3071 554 3154; x_wconf 90' lang='lat' dir='ltr'><strong>W.</strong></span> <span class='ocrx_word' id='word_1_384' title='bbox 568 3071 789 3197; x_wconf 59' lang='lat' dir='ltr'><strong>transponenda</strong></span> <span class='ocrx_word' id='word_1_385' title='bbox 809 3086 882 3154; x_wconf 36' lang='lat' dir='ltr'><strong>assa·</strong></span> <span class='ocrx_word' id='word_1_386' title='bbox 897 3077 1006 3142; x_wconf 88' lang='lat' dir='ltr'><strong>censet,</strong></span> <span class='ocrx_word' id='word_1_387' title='bbox 1033 3072 1075 3154; x_wconf 74' lang='lat' dir='ltr'><strong>ita</strong></span> <span class='ocrx_word' id='word_1_388' title='bbox 1099 3075 1131 3126; x_wconf 90' lang='lat' dir='ltr'><strong>nt</strong></span> <span class='ocrx_word' id='word_1_389' title='bbox 1155 3069 1301 3126; x_wconf 90' lang='lat' dir='ltr'><strong>scribatur</strong></span> <span class='ocrx_word' id='word_1_390' title='bbox 1316 3084 1324 3152; x_wconf 61' lang='grc' dir='ltr'><strong><em>ς</em></strong></span> <span class='ocrx_word' id='word_1_391' title='bbox 1341 3070 1449 3133; x_wconf 82' lang='lat' dir='ltr'><strong>Quodsi</strong></span> <span class='ocrx_word' id='word_1_392' title='bbox 1473 3072 1657 3142; x_wconf 77' lang='lat' dir='ltr'><strong>necessitate,</strong></span> <span class='ocrx_word' id='word_1_393' title='bbox 1672 3089 1740 3146; x_wconf 88' lang='lat' dir='ltr'><strong>ergo</strong></span> <span class='ocrx_word' id='word_1_394' title='bbox 1760 3074 1871 3132; x_wconf 89' lang='lat' dir='ltr'><strong>invitus</strong></span> 
     </span>
     <span class='ocr_line' id='line_1_32' title="bbox 164 3140 1870 3232; baseline -0.005 -20"><span class='ocrx_word' id='word_1_395' title='bbox 164 3153 234 3212; x_wconf 88' lang='lat' dir='ltr'><strong>iacit</strong></span> <span class='ocrx_word' id='word_1_396' title='bbox 248 3178 255 3220; x_wconf 64' lang='grc' dir='ltr'>ς</span> <span class='ocrx_word' id='word_1_397' title='bbox 271 3146 439 3232; x_wconf 78' lang='lat' dir='ltr'><strong>symbolum</strong></span> <span class='ocrx_word' id='word_1_398' title='bbox 455 3151 558 3228; x_wconf 75' lang='lat' dir='ltr'><strong>mortis</strong></span> <span class='ocrx_word' id='word_1_399' title='bbox 582 3144 653 3198; x_wconf 85' lang='lat' dir='ltr'><strong>indu</strong></span> <span class='ocrx_word' id='word_1_400' title='bbox 667 3147 725 3214; x_wconf 88' lang='lat' dir='ltr'><strong>get.</strong></span> <span class='ocrx_word' id='word_1_401' title='bbox 750 3143 805 3199; x_wconf 80' lang='lat' dir='ltr'><strong>Sed</strong></span> <span class='ocrx_word' id='word_1_402' title='bbox 820 3142 935 3200; x_wconf 84' lang='lat' dir='ltr'><strong>tollitur</strong></span> <span class='ocrx_word' id='word_1_403' title='bbox 958 3144 1012 3200; x_wconf 94' lang='lat' dir='ltr'><strong>looi</strong></span> <span class='ocrx_word' id='word_1_404' title='bbox 1038 3140 1196 3226; x_wconf 82' lang='lat' dir='ltr'><strong>diffioultaa</strong></span> <span class='ocrx_word' id='word_1_405' title='bbox 1220 3148 1355 3211; x_wconf 84' lang='lat' dir='ltr'><strong>apposito</strong></span> <span class='ocrx_word' id='word_1_406' title='bbox 1381 3149 1448 3213; x_wconf 90' lang='lat' dir='ltr'><strong>post</strong></span> <span class='ocrx_word' id='word_1_407' title='bbox 1467 3145 1535 3214; x_wconf 74' lang='lat' dir='ltr'><strong>fucit</strong></span> <span class='ocrx_word' id='word_1_408' title='bbox 1559 3145 1757 3218; x_wconf 88' lang='lat' dir='ltr'><strong>interrogandi</strong></span> <span class='ocrx_word' id='word_1_409' title='bbox 1774 3147 1870 3218; x_wconf 92' lang='lat' dir='ltr'><strong>siguo.</strong></span> 
     </span>
     <span class='ocr_line' id='line_1_33' title="bbox 162 3213 1498 3286; baseline -0.007 -4"><span class='ocrx_word' id='word_1_410' title='bbox 162 3228 186 3263; x_wconf 62' lang='grc' dir='ltr'><strong>*ἵ</strong></span> <span class='ocrx_word' id='word_1_411' title='bbox 202 3223 349 3282; x_wconf 82' lang='lat' dir='ltr'><strong>Promittrt</strong></span> <span class='ocrx_word' id='word_1_412' title='bbox 363 3221 428 3276; x_wconf 82' lang='lat' dir='ltr'><strong>lun.</strong></span> <span class='ocrx_word' id='word_1_413' title='bbox 465 3216 488 3251; x_wconf 72' lang='lat'><strong>⁸⁸</strong></span> <span class='ocrx_word' id='word_1_414' title='bbox 503 3215 553 3272; x_wconf 82' lang='lat' dir='ltr'><strong>liar</strong></span> <span class='ocrx_word' id='word_1_415' title='bbox 569 3216 657 3270; x_wconf 87' lang='lat' dir='ltr'><strong>verbo</strong></span> <span class='ocrx_word' id='word_1_416' title='bbox 670 3215 734 3271; x_wconf 88' lang='lat' dir='ltr'><strong>iuu.</strong></span> <span class='ocrx_word' id='word_1_417' title='bbox 750 3230 785 3272; x_wconf 81' lang='lat' dir='ltr'><strong>ex</strong></span> <span class='ocrx_word' id='word_1_418' title='bbox 798 3215 833 3271; x_wconf 85' lang='lat' dir='ltr'><strong>ii.</strong></span> <span class='ocrx_word' id='word_1_419' title='bbox 849 3215 897 3272; x_wconf 76' lang='lat' dir='ltr'><strong>Sd.</strong></span> <span class='ocrx_word' id='word_1_420' title='bbox 936 3214 959 3252; x_wconf 75' lang='lat'><strong>‘⁸</strong></span> <span class='ocrx_word' id='word_1_421' title='bbox 973 3217 1036 3281; x_wconf 90' lang='lat' dir='ltr'><strong>Quo</strong></span> <span class='ocrx_word' id='word_1_422' title='bbox 1051 3215 1086 3272; x_wconf 91' lang='lat' dir='ltr'><strong>ad</strong></span> <span class='ocrx_word' id='word_1_423' title='bbox 1104 3215 1206 3285; x_wconf 69' lang='lat' dir='ltr'><strong>liconii.</strong></span> <span class='ocrx_word' id='word_1_424' title='bbox 1243 3213 1266 3248; x_wconf 82' lang='lat'><strong>⁸⁰</strong></span> <span class='ocrx_word' id='word_1_425' title='bbox 1281 3220 1325 3269; x_wconf 77' lang='lat' dir='ltr'><strong>An</strong></span> <span class='ocrx_word' id='word_1_426' title='bbox 1339 3214 1422 3269; x_wconf 81' lang='lat' dir='ltr'><strong>Fran.</strong></span> <span class='ocrx_word' id='word_1_427' title='bbox 1439 3215 1498 3286; x_wconf 71' lang='lat' dir='ltr'><strong>itio.</strong></span> 
     </span>
    </p>
   </div>
   <div class='ocr_carea' id='block_1_9' title="bbox 871 3322 1133 3386">
    <p class='ocr_par' dir='ltr' id='par_1_9' title="bbox 871 3322 1133 3386">
     <span class='ocr_line' id='line_1_34' title="bbox 871 3322 1133 3386; baseline -0.019 0"><span class='ocrx_word' id='word_1_428' title='bbox 871 3322 1133 3386; x_wconf 84' lang='lat' dir='ltr'><strong>Commentarius.</strong></span> 
     </span>
    </p>
   </div>
   <div class='ocr_carea' id='block_1_10' title="bbox 164 3417 1876 3854">
    <p class='ocr_par' dir='ltr' id='par_1_10' title="bbox 164 3417 1876 3854">
     <span class='ocr_line' id='line_1_35' title="bbox 164 3417 1874 3516; baseline -0.012 -28"><span class='ocrx_word' id='word_1_429' title='bbox 164 3423 489 3516; x_wconf 81' lang='lat' dir='ltr'><strong>communisproiane.</strong></span> <span class='ocrx_word' id='word_1_430' title='bbox 514 3417 1030 3504; x_wconf 77' lang='lat' dir='ltr'><strong>&#39;ieminlide.iqquit,preniten·c</strong></span> <span class='ocrx_word' id='word_1_431' title='bbox 1085 3419 1140 3502; x_wconf 78' lang='lat'><strong>(57)</strong></span> <span class='ocrx_word' id='word_1_432' title='bbox 1173 3419 1249 3502; x_wconf 76' lang='lat' dir='ltr'><strong>iuter</strong></span> <span class='ocrx_word' id='word_1_433' title='bbox 1279 3419 1438 3503; x_wconf 77' lang='lat' dir='ltr'><strong>auditorum</strong></span> <span class='ocrx_word' id='word_1_434' title='bbox 1471 3421 1609 3477; x_wconf 84' lang='lat' dir='ltr'><strong>tirocinio.</strong></span> <span class='ocrx_word' id='word_1_435' title='bbox 1643 3423 1874 3506; x_wconf 59' lang='lat' dir='ltr'><strong>Guteahumnnog</strong></span> 
     </span>
     <span class='ocr_line' id='line_1_36' title="bbox 164 3489 1874 3702; baseline -0.006 -72"><span class='ocrx_word' id='word_1_436' title='bbox 164 3493 996 3702; x_wconf 60' lang='lat' dir='ltr'><strong>ipsu,aaameritissime,its</strong></span> <span class='ocrx_word' id='word_1_437' title='bbox 1050 3489 1581 3650; x_wconf 60' lang='lat' dir='ltr'><strong>ei.refricantem·,its</strong></span> <span class='ocrx_word' id='word_1_438' title='bbox 1599 3493 1874 3622; x_wconf 67' lang='lat' dir='ltr'><strong>ussisse</strong></span> 
     </span>
     <span class='ocr_line' id='line_1_37' title="bbox 169 3633 1875 3777; baseline -0.006 -5"><span class='ocrx_word' id='word_1_439' title='bbox 169 3649 253 3704; x_wconf 61' lang='lat'><strong>⁸³⁸²</strong></span> <span class='ocrx_word' id='word_1_440' title='bbox 268 3638 644 3769; x_wconf 58' lang='lat' dir='ltr'><strong>iii⁸¹ii⁸iei³ii¹r⁸ii¹⁰s⁰i</strong></span> <span class='ocrx_word' id='word_1_441' title='bbox 660 3633 815 3776; x_wconf 64' lang='grc' dir='ltr'><strong>ἕὲξῖἷῖἓῖἑὲ·</strong></span> <span class='ocrx_word' id='word_1_442' title='bbox 840 3635 996 3763; x_wconf 67' lang='lat' dir='ltr'><strong>titii?</strong></span> <span class='ocrx_word' id='word_1_443' title='bbox 1051 3635 1174 3761; x_wconf 75' lang='lat' dir='ltr'><strong>iiiii</strong></span> <span class='ocrx_word' id='word_1_444' title='bbox 1188 3633 1438 3777; x_wconf 70' lang='lat' dir='ltr'><strong>iiiittiiil?</strong></span> <span class='ocrx_word' id='word_1_445' title='bbox 1454 3637 1728 3764; x_wconf 59' lang='lat' dir='ltr'><strong>llillitltill</strong></span> <span class='ocrx_word' id='word_1_446' title='bbox 1748 3639 1783 3764; x_wconf 58' lang='lat' dir='ltr'><strong>if¹</strong></span> <span class='ocrx_word' id='word_1_447' title='bbox 1800 3638 1875 3766; x_wconf 63' lang='lat' dir='ltr'><strong>bip&#39;</strong></span> 
     </span>
     <span class='ocr_line' id='line_1_38' title="bbox 170 3723 1876 3854; baseline -0.013 4"><span class='ocrx_word' id='word_1_448' title='bbox 170 3731 286 3847; x_wconf 43' lang='lat' dir='ltr'><strong>¹⁵¹3?ssssss</strong></span> <span class='ocrx_word' id='word_1_449' title='bbox 311 3728 477 3854; x_wconf 54' lang='lat' dir='ltr'><strong>acgitium?</strong></span> <span class='ocrx_word' id='word_1_450' title='bbox 503 3794 571 3834; x_wconf 58' lang='lat' dir='ltr'><strong>nem</strong></span> <span class='ocrx_word' id='word_1_451' title='bbox 597 3775 765 3848; x_wconf 67' lang='lat' dir='ltr'><strong>Ubicunque</strong></span> <span class='ocrx_word' id='word_1_452' title='bbox 789 3725 997 3850; x_wconf 60' lang='grc' dir='ltr'><strong>ἀθρδαρῑίξωο</strong></span> <span class='ocrx_word' id='word_1_453' title='bbox 1051 3774 1322 3832; x_wconf 88' lang='lat' dir='ltr'><strong>etoateobumenos</strong></span> <span class='ocrx_word' id='word_1_454' title='bbox 1338 3793 1396 3832; x_wconf 91' lang='lat' dir='ltr'><strong>uno</strong></span> <span class='ocrx_word' id='word_1_455' title='bbox 1412 3723 1573 3850; x_wconf 70' lang='lat' dir='ltr'><strong>arsgdemque</strong></span> <span class='ocrx_word' id='word_1_456' title='bbox 1596 3726 1876 3852; x_wconf 54' lang='lat' dir='ltr'><strong>nonnin⁸q¹uigi¹ri³gl</strong></span> 
     </span>
    </p>
   </div>
   <div class='ocr_carea' id='block_1_11' title="bbox 170 3846 1877 4261">
    <p class='ocr_par' dir='ltr' id='par_1_11' title="bbox 170 3846 1877 4077">
     <span class='ocr_line' id='line_1_39' title="bbox 171 3846 1877 3935; baseline -0.007 -17"><span class='ocrx_word' id='word_1_457' title='bbox 171 3871 339 3919; x_wconf 88' lang='lat' dir='ltr'><strong>sermonem</strong></span> <span class='ocrx_word' id='word_1_458' title='bbox 362 3853 441 3921; x_wconf 91' lang='lat' dir='ltr'><strong>iacit,</strong></span> <span class='ocrx_word' id='word_1_459' title='bbox 471 3851 624 3907; x_wconf 81' lang='lat' dir='ltr'><strong>Lavacrum</strong></span> <span class='ocrx_word' id='word_1_460' title='bbox 652 3848 733 3918; x_wconf 85' lang='lat' dir='ltr'><strong>dicit,</strong></span> <span class='ocrx_word' id='word_1_461' title='bbox 761 3854 791 3906; x_wconf 90' lang='lat' dir='ltr'><strong>at</strong></span> <span class='ocrx_word' id='word_1_462' title='bbox 819 3850 940 3920; x_wconf 76' lang='lat' dir='ltr'><strong>itaquis,</strong></span> <span class='ocrx_word' id='word_1_463' title='bbox 969 3853 999 3906; x_wconf 88' lang='lat' dir='ltr'><strong>st</strong></span> <span class='ocrx_word' id='word_1_464' title='bbox 1054 3846 1877 3935; x_wconf 82' lang='lat' dir='ltr'><strong>minoappellari).quinqneprimempoenitentiampene</strong></span> 
     </span>
     <span class='ocr_line' id='line_1_40' title="bbox 170 3919 1876 4000; baseline -0.008 -10"><span class='ocrx_word' id='word_1_465' title='bbox 170 3934 324 4000; x_wconf 71' lang='lat' dir='ltr'><strong>imisque,</strong></span> <span class='ocrx_word' id='word_1_466' title='bbox 339 3930 368 3983; x_wconf 90' lang='lat' dir='ltr'><strong>et</strong></span> <span class='ocrx_word' id='word_1_467' title='bbox 390 3923 482 3992; x_wconf 83' lang='lat' dir='ltr'><strong>dilui,</strong></span> <span class='ocrx_word' id='word_1_468' title='bbox 500 3927 528 3978; x_wconf 88' lang='lat' dir='ltr'><strong>ei</strong></span> <span class='ocrx_word' id='word_1_469' title='bbox 550 3921 707 3992; x_wconf 77' lang='lat' dir='ltr'><strong>dierqiicri,</strong></span> <span class='ocrx_word' id='word_1_470' title='bbox 729 3925 758 3976; x_wconf 87' lang='lat' dir='ltr'><strong>ot</strong></span> <span class='ocrx_word' id='word_1_471' title='bbox 783 3921 998 3991; x_wconf 78' lang='lat' dir='ltr'><strong>immersionem,</strong></span> <span class='ocrx_word' id='word_1_472' title='bbox 1053 3921 1209 3986; x_wconf 75' lang='lat' dir='ltr'><strong>linierunt3</strong></span> <span class='ocrx_word' id='word_1_473' title='bbox 1226 3919 1276 3974; x_wconf 89' lang='lat' dir='ltr'><strong>aed</strong></span> <span class='ocrx_word' id='word_1_474' title='bbox 1294 3920 1402 3975; x_wconf 89' lang='lat' dir='ltr'><strong>tirones</strong></span> <span class='ocrx_word' id='word_1_475' title='bbox 1421 3927 1451 3975; x_wconf 80' lang='lat' dir='ltr'><strong>et</strong></span> <span class='ocrx_word' id='word_1_476' title='bbox 1475 3921 1627 3978; x_wconf 87' lang='lat' dir='ltr'><strong>novitioloe</strong></span> <span class='ocrx_word' id='word_1_477' title='bbox 1642 3924 1692 3994; x_wconf 93' lang='lat' dir='ltr'><strong>qui</strong></span> <span class='ocrx_word' id='word_1_478' title='bbox 1707 3924 1876 3981; x_wconf 80' lang='lat' dir='ltr'><strong>christiane</strong></span> 
     </span>
     <span class='ocr_line' id='line_1_41' title="bbox 172 3989 1738 4077; baseline -0.006 -17"><span class='ocrx_word' id='word_1_479' title='bbox 172 4021 239 4077; x_wconf 79' lang='lat' dir='ltr'><strong>qna</strong></span> <span class='ocrx_word' id='word_1_480' title='bbox 264 4015 334 4057; x_wconf 89' lang='lat' dir='ltr'><strong>seue</strong></span> <span class='ocrx_word' id='word_1_481' title='bbox 357 3994 558 4070; x_wconf 86' lang='lat' dir='ltr'><strong>aspersionem</strong></span> <span class='ocrx_word' id='word_1_482' title='bbox 582 3990 703 4048; x_wconf 88' lang='lat' dir='ltr'><strong>minime</strong></span> <span class='ocrx_word' id='word_1_483' title='bbox 728 3991 751 4047; x_wconf 90' lang='lat' dir='ltr'><strong>si</strong></span> <span class='ocrx_word' id='word_1_484' title='bbox 776 3992 906 4050; x_wconf 88' lang='lat' dir='ltr'><strong>niilcent.</strong></span> <span class='ocrx_word' id='word_1_485' title='bbox 936 3993 999 4049; x_wconf 91' lang='lat' dir='ltr'><strong>Non</strong></span> <span class='ocrx_word' id='word_1_486' title='bbox 1054 3989 1738 4062; x_wconf 75' lang='lat' dir='ltr'><strong>legisprimaelementariooobantur.Arsesa.</strong></span> 
     </span>
    </p>

    <p class='ocr_par' dir='ltr' id='par_1_12' title="bbox 171 4007 1877 4261">
     <span class='ocr_line' id='line_1_42' title="bbox 172 4007 1877 4190; baseline -0.008 -58"><span class='ocrx_word' id='word_1_487' title='bbox 172 4079 220 4132; x_wconf 87' lang='lat' dir='ltr'><strong>est</strong></span> <span class='ocrx_word' id='word_1_488' title='bbox 243 4077 395 4144; x_wconf 89' lang='lat' dir='ltr'><strong>propterea</strong></span> <span class='ocrx_word' id='word_1_489' title='bbox 418 4062 685 4190; x_wconf 40' lang='lat' dir='ltr'><strong>temen&#39;culqtsnds</strong></span> <span class='ocrx_word' id='word_1_490' title='bbox 708 4007 840 4145; x_wconf 45' lang='lat' dir='ltr'><strong>dooqesia</strong></span> <span class='ocrx_word' id='word_1_491' title='bbox 864 4064 1000 4137; x_wconf 89' lang='lat' dir='ltr'><strong>benigni·</strong></span> <span class='ocrx_word' id='word_1_492' title='bbox 1090 4063 1145 4143; x_wconf 70' lang='lat' dir='ltr'><strong>ibit)</strong></span> <span class='ocrx_word' id='word_1_493' title='bbox 1161 4070 1181 4118; x_wconf 75' lang='lat' dir='ltr'><strong>a</strong></span> <span class='ocrx_word' id='word_1_494' title='bbox 1197 4062 1314 4143; x_wconf 71' lang='lat' dir='ltr'><strong>perfecto</strong></span> <span class='ocrx_word' id='word_1_495' title='bbox 1333 4063 1380 4116; x_wconf 84' lang='lat' dir='ltr'><strong>liei</strong></span> <span class='ocrx_word' id='word_1_496' title='bbox 1393 4077 1481 4118; x_wconf 87' lang='lat' dir='ltr'><strong>seruo.</strong></span> <span class='ocrx_word' id='word_1_497' title='bbox 1512 4064 1704 4120; x_wconf 86' lang='lat' dir='ltr'><strong>initiabantur</strong></span> <span class='ocrx_word' id='word_1_498' title='bbox 1718 4065 1877 4134; x_wconf 86' lang='lat' dir='ltr'><strong>adsumpta</strong></span> 
     </span>
     <span class='ocr_line' id='line_1_43' title="bbox 171 4133 1876 4261; baseline -0.008 -58"><span class='ocrx_word' id='word_1_499' title='bbox 171 4140 502 4216; x_wconf 83' lang='lat' dir='ltr'><strong>tesquepoetrnodum</strong></span> <span class='ocrx_word' id='word_1_500' title='bbox 523 4134 859 4191; x_wconf 82' lang='lat' dir='ltr'><strong>invenissevideturut</strong></span> <span class='ocrx_word' id='word_1_501' title='bbox 880 4139 1001 4208; x_wconf 82' lang='lat' dir='ltr'><strong>nogento</strong></span> <span class='ocrx_word' id='word_1_502' title='bbox 1054 4139 1253 4261; x_wconf 49' lang='lat' dir='ltr'><strong>gannientem</strong></span> <span class='ocrx_word' id='word_1_503' title='bbox 1284 4133 1508 4199; x_wconf 76' lang='lat' dir='ltr'><strong>perliniebantur</strong></span> <span class='ocrx_word' id='word_1_504' title='bbox 1540 4135 1697 4207; x_wconf 89' lang='lat' dir='ltr'><strong>baptismo,</strong></span> <span class='ocrx_word' id='word_1_505' title='bbox 1727 4135 1876 4206; x_wconf 88' lang='lat' dir='ltr'><strong>unctione,</strong></span> 
     </span>
    </p>
   </div>
   <div class='ocr_carea' id='block_1_12' title="bbox 173 4203 1887 5781">
    <p class='ocr_par' dir='ltr' id='par_1_13' title="bbox 173 4203 1880 4690">
     <span class='ocr_line' id='line_1_44' title="bbox 174 4203 1331 4281; baseline -0.016 -5"><span class='ocrx_word' id='word_1_506' title='bbox 174 4215 351 4276; x_wconf 88' lang='lat' dir='ltr'><strong>necessitate</strong></span> <span class='ocrx_word' id='word_1_507' title='bbox 365 4209 470 4268; x_wconf 87' lang='lat' dir='ltr'><strong>saltem</strong></span> <span class='ocrx_word' id='word_1_508' title='bbox 493 4224 575 4280; x_wconf 85' lang='lat' dir='ltr'><strong>sque</strong></span> <span class='ocrx_word' id='word_1_509' title='bbox 590 4205 743 4278; x_wconf 82' lang='lat' dir='ltr'><strong>aspergine</strong></span> <span class='ocrx_word' id='word_1_510' title='bbox 763 4206 919 4263; x_wconf 81' lang='lat' dir='ltr'><strong>Christiani</strong></span> <span class='ocrx_word' id='word_1_511' title='bbox 936 4225 1000 4281; x_wconf 86' lang='lat' dir='ltr'><strong>por·</strong></span> <span class='ocrx_word' id='word_1_512' title='bbox 1079 4205 1248 4262; x_wconf 82' lang='lat' dir='ltr'><strong>schariotis.</strong></span> <span class='ocrx_word' id='word_1_513' title='bbox 1265 4203 1331 4259; x_wconf 81' lang='lat' dir='ltr'><strong>itio.</strong></span> 
     </span>
     <span class='ocr_line' id='line_1_45' title="bbox 173 4275 1879 4352; baseline -0.025 -5"><span class='ocrx_word' id='word_1_514' title='bbox 173 4291 344 4347; x_wconf 85' lang='lat' dir='ltr'><strong>licerentur.</strong></span> <span class='ocrx_word' id='word_1_515' title='bbox 368 4281 480 4340; x_wconf 82' lang='lat' dir='ltr'><strong>Etenim</strong></span> <span class='ocrx_word' id='word_1_516' title='bbox 506 4278 668 4352; x_wconf 81' lang='lat' dir='ltr'><strong>Cyprianus</strong></span> <span class='ocrx_word' id='word_1_517' title='bbox 692 4277 777 4350; x_wconf 87' lang='lat' dir='ltr'><strong>epist.</strong></span> <span class='ocrx_word' id='word_1_518' title='bbox 802 4278 838 4332; x_wconf 91' lang='lat' dir='ltr'><strong>ed</strong></span> <span class='ocrx_word' id='word_1_519' title='bbox 860 4279 1000 4350; x_wconf 84' lang='lat' dir='ltr'><strong>Magnum</strong></span> <span class='ocrx_word' id='word_1_520' title='bbox 1090 4277 1148 4347; x_wconf 84' lang='grc'><strong>(59)</strong></span> <span class='ocrx_word' id='word_1_521' title='bbox 1164 4277 1231 4345; x_wconf 60' lang='lat' dir='ltr'><strong>Qus„v</strong></span> <span class='ocrx_word' id='word_1_522' title='bbox 1245 4275 1344 4347; x_wconf 58' lang='grc' dir='ltr'><strong>βάρεα</strong></span> <span class='ocrx_word' id='word_1_523' title='bbox 1364 4276 1546 4346; x_wconf 62' lang='lat' dir='ltr'><strong>poeaumsfae,</strong></span> <span class='ocrx_word' id='word_1_524' title='bbox 1572 4276 1634 4333; x_wconf 70' lang='lat' dir='ltr'><strong>Non</strong></span> <span class='ocrx_word' id='word_1_525' title='bbox 1650 4277 1828 4333; x_wconf 51' lang='lat' dir='ltr'><strong>medaban,</strong></span> <span class='ocrx_word' id='word_1_526' title='bbox 1842 4275 1879 4330; x_wconf 58' lang='lat' dir='ltr'><strong>ad</strong></span> 
     </span>
     <span class='ocr_line' id='line_1_46' title="bbox 173 4347 1878 4423; baseline -0.01 -5"><span class='ocrx_word' id='word_1_527' title='bbox 173 4359 354 4420; x_wconf 85' lang='lat' dir='ltr'><strong>eeouudsax</strong></span> <span class='ocrx_word' id='word_1_528' title='bbox 369 4349 591 4410; x_wconf 83' lang='lat' dir='ltr'><strong>sacrisbitteris</strong></span> <span class='ocrx_word' id='word_1_529' title='bbox 607 4349 838 4422; x_wconf 85' lang='lat' dir='ltr'><strong>probat‚squam</strong></span> <span class='ocrx_word' id='word_1_530' title='bbox 853 4352 1000 4423; x_wconf 86' lang='lat' dir='ltr'><strong>aspersio·</strong></span> <span class='ocrx_word' id='word_1_531' title='bbox 1056 4349 1249 4420; x_wconf 89' lang='lat' dir='ltr'><strong>baptismum,</strong></span> <span class='ocrx_word' id='word_1_532' title='bbox 1275 4349 1330 4402; x_wconf 88' lang='lat' dir='ltr'><strong>nisi</strong></span> <span class='ocrx_word' id='word_1_533' title='bbox 1356 4347 1391 4402; x_wconf 91' lang='lat' dir='ltr'><strong>de</strong></span> <span class='ocrx_word' id='word_1_534' title='bbox 1414 4349 1502 4402; x_wconf 86' lang='lat' dir='ltr'><strong>rebus</strong></span> <span class='ocrx_word' id='word_1_535' title='bbox 1529 4349 1596 4403; x_wconf 91' lang='lat' dir='ltr'><strong>iidei</strong></span> <span class='ocrx_word' id='word_1_536' title='bbox 1622 4348 1707 4422; x_wconf 89' lang='lat' dir='ltr'><strong>plane</strong></span> <span class='ocrx_word' id='word_1_537' title='bbox 1730 4347 1878 4417; x_wconf 90' lang='lat' dir='ltr'><strong>instructi,</strong></span> 
     </span>
     <span class='ocr_line' id='line_1_47' title="bbox 174 4418 1880 4504; baseline -0.015 -5"><span class='ocrx_word' id='word_1_538' title='bbox 174 4435 223 4491; x_wconf 71' lang='lat' dir='ltr'><strong>nie</strong></span> <span class='ocrx_word' id='word_1_539' title='bbox 252 4426 486 4504; x_wconf 64' lang='lat' dir='ltr'><strong>purifioaliwflffl</strong></span> <span class='ocrx_word' id='word_1_540' title='bbox 513 4438 589 4485; x_wconf 64' lang='lat'>⁰⁸³0,</span> <span class='ocrx_word' id='word_1_541' title='bbox 613 4437 665 4477; x_wconf 91' lang='lat' dir='ltr'><strong>neo</strong></span> <span class='ocrx_word' id='word_1_542' title='bbox 688 4422 792 4478; x_wconf 89' lang='lat' dir='ltr'><strong>moveri</strong></span> <span class='ocrx_word' id='word_1_543' title='bbox 822 4437 1002 4494; x_wconf 88' lang='lat' dir='ltr'><strong>quemquam</strong></span> <span class='ocrx_word' id='word_1_544' title='bbox 1056 4420 1085 4476; x_wconf 93' lang='lat' dir='ltr'><strong>id</strong></span> <span class='ocrx_word' id='word_1_545' title='bbox 1101 4425 1146 4476; x_wconf 87' lang='lat' dir='ltr'><strong>est</strong></span> <span class='ocrx_word' id='word_1_546' title='bbox 1159 4419 1195 4476; x_wconf 87' lang='lat' dir='ltr'><strong>de</strong></span> <span class='ocrx_word' id='word_1_547' title='bbox 1212 4418 1259 4474; x_wconf 87' lang='lat' dir='ltr'><strong>Dei</strong></span> <span class='ocrx_word' id='word_1_548' title='bbox 1284 4418 1488 4489; x_wconf 88' lang='lat' dir='ltr'><strong>magnitudino</strong></span> <span class='ocrx_word' id='word_1_549' title='bbox 1511 4424 1540 4474; x_wconf 86' lang='lat' dir='ltr'><strong>et</strong></span> <span class='ocrx_word' id='word_1_550' title='bbox 1554 4425 1707 4490; x_wconf 88' lang='lat' dir='ltr'><strong>potestate,</strong></span> <span class='ocrx_word' id='word_1_551' title='bbox 1732 4421 1880 4490; x_wconf 89' lang='lat' dir='ltr'><strong>rebusque</strong></span> 
     </span>
     <span class='ocr_line' id='line_1_48' title="bbox 174 4489 1879 4574; baseline -0.01 -12"><span class='ocrx_word' id='word_1_552' title='bbox 174 4505 283 4562; x_wconf 90' lang='lat' dir='ltr'><strong>debere</strong></span> <span class='ocrx_word' id='word_1_553' title='bbox 304 4499 382 4574; x_wconf 94' lang='lat' dir='ltr'><strong>quod</strong></span> <span class='ocrx_word' id='word_1_554' title='bbox 407 4495 521 4567; x_wconf 80' lang='lat' dir='ltr'><strong>aspergi</strong></span> <span class='ocrx_word' id='word_1_555' title='bbox 545 4492 589 4549; x_wconf 88' lang='lat' dir='ltr'><strong>vel</strong></span> <span class='ocrx_word' id='word_1_556' title='bbox 605 4492 740 4567; x_wconf 84' lang='lat' dir='ltr'><strong>pertundi</strong></span> <span class='ocrx_word' id='word_1_557' title='bbox 765 4492 898 4551; x_wconf 86' lang='lat' dir='ltr'><strong>videntur</strong></span> <span class='ocrx_word' id='word_1_558' title='bbox 921 4495 1001 4567; x_wconf 83' lang='lat' dir='ltr'><strong>agri,</strong></span> <span class='ocrx_word' id='word_1_559' title='bbox 1057 4492 1152 4564; x_wconf 90' lang='lat' dir='ltr'><strong>quiin</strong></span> <span class='ocrx_word' id='word_1_560' title='bbox 1170 4489 1332 4563; x_wconf 76' lang='lat' dir='ltr'><strong>Evangeliis</strong></span> <span class='ocrx_word' id='word_1_561' title='bbox 1348 4493 1544 4557; x_wconf 88' lang='lat' dir='ltr'><strong>continentur,</strong></span> <span class='ocrx_word' id='word_1_562' title='bbox 1556 4508 1615 4548; x_wconf 92' lang='lat' dir='ltr'><strong>uno</strong></span> <span class='ocrx_word' id='word_1_563' title='bbox 1630 4500 1748 4564; x_wconf 87' lang='lat' dir='ltr'><strong>excepto</strong></span> <span class='ocrx_word' id='word_1_564' title='bbox 1764 4491 1879 4547; x_wconf 82' lang='lat' dir='ltr'><strong>lineba-</strong></span> 
     </span>
     <span class='ocr_line' id='line_1_49' title="bbox 176 4561 1879 4690; baseline -0.019 -42"><span class='ocrx_word' id='word_1_565' title='bbox 176 4568 487 4644; x_wconf 50' lang='lat' dir='ltr'><strong>¹1⁰¹¹b⁸l³tl²⁸fbfflffi</strong></span> <span class='ocrx_word' id='word_1_566' title='bbox 550 4635 555 4646; x_wconf 89' lang='grc'>,</span> <span class='ocrx_word' id='word_1_567' title='bbox 648 4632 652 4644; x_wconf 79' lang='grc'><strong>,</strong></span> <span class='ocrx_word' id='word_1_568' title='bbox 1058 4564 1147 4620; x_wconf 81' lang='lat' dir='ltr'><strong>ristie</strong></span> <span class='ocrx_word' id='word_1_569' title='bbox 1164 4561 1421 4636; x_wconf 59' lang='lat' dir='ltr'><strong>maurianense</strong></span> <span class='ocrx_word' id='word_1_570' title='bbox 1446 4562 1703 4633; x_wconf 82' lang='lat' dir='ltr'><strong>baptizanturuisi</strong></span> <span class='ocrx_word' id='word_1_571' title='bbox 1724 4567 1879 4690; x_wconf 82' lang='lat' dir='ltr'><strong>postquam</strong></span> 
     </span>
    </p>

    <p class='ocr_par' dir='ltr' id='par_1_14' title="bbox 174 4633 1882 4932">
     <span class='ocr_line' id='line_1_50' title="bbox 213 4633 1882 4718; baseline -0.015 -15"><span class='ocrx_word' id='word_1_572' title='bbox 213 4645 270 4718; x_wconf 78' lang='lat' dir='ltr'><strong>(si)</strong></span> <span class='ocrx_word' id='word_1_573' title='bbox 296 4641 481 4714; x_wconf 65' lang='lat' dir='ltr'><strong>Praepositum</strong></span> <span class='ocrx_word' id='word_1_574' title='bbox 505 4636 589 4702; x_wconf 75' lang='lat' dir='ltr'><strong>tutus</strong></span> <span class='ocrx_word' id='word_1_575' title='bbox 611 4647 652 4689; x_wconf 80' lang='lat' dir='ltr'><strong>res</strong></span> <span class='ocrx_word' id='word_1_576' title='bbox 678 4637 926 4693; x_wconf 73' lang='lat' dir='ltr'><strong>asseverationibus</strong></span> <span class='ocrx_word' id='word_1_577' title='bbox 949 4638 1004 4694; x_wconf 89' lang='lat' dir='ltr'><strong>tuis</strong></span> <span class='ocrx_word' id='word_1_578' title='bbox 1058 4651 1092 4691; x_wconf 87' lang='lat' dir='ltr'><strong>aa</strong></span> <span class='ocrx_word' id='word_1_579' title='bbox 1115 4635 1214 4691; x_wconf 87' lang='lat' dir='ltr'><strong>omnia</strong></span> <span class='ocrx_word' id='word_1_580' title='bbox 1236 4649 1267 4690; x_wconf 90' lang='lat' dir='ltr'><strong>ss</strong></span> <span class='ocrx_word' id='word_1_581' title='bbox 1294 4634 1410 4688; x_wconf 87' lang='lat' dir='ltr'><strong>eredere</strong></span> <span class='ocrx_word' id='word_1_582' title='bbox 1431 4633 1593 4704; x_wconf 79' lang='lat' dir='ltr'><strong>Jnreaseut,</strong></span> <span class='ocrx_word' id='word_1_583' title='bbox 1621 4651 1747 4708; x_wconf 77' lang='lat' dir='ltr'><strong>quorum</strong></span> <span class='ocrx_word' id='word_1_584' title='bbox 1772 4634 1789 4690; x_wconf 83' lang='lat' dir='ltr'><strong>n</strong></span> <span class='ocrx_word' id='word_1_585' title='bbox 1813 4651 1882 4691; x_wconf 57' lang='grc' dir='ltr'><strong>θη</strong></span> 
     </span>
     <span class='ocr_line' id='line_1_51' title="bbox 174 4704 1882 4783; baseline -0.012 -7"><span class='ocrx_word' id='word_1_586' title='bbox 174 4715 348 4776; x_wconf 85' lang='lat' dir='ltr'><strong>circumduci</strong></span> <span class='ocrx_word' id='word_1_587' title='bbox 360 4711 445 4783; x_wconf 74' lang='lat' dir='ltr'><strong>[acite</strong></span> <span class='ocrx_word' id='word_1_588' title='bbox 458 4714 506 4766; x_wconf 86' lang='lat' dir='ltr'><strong>esi.</strong></span> <span class='ocrx_word' id='word_1_589' title='bbox 531 4705 736 4776; x_wconf 75' lang='lat' dir='ltr'><strong>Presbyterum</strong></span> <span class='ocrx_word' id='word_1_590' title='bbox 763 4707 910 4780; x_wconf 87' lang='lat' dir='ltr'><strong>signiilout</strong></span> <span class='ocrx_word' id='word_1_591' title='bbox 926 4707 1003 4764; x_wconf 88' lang='lat' dir='ltr'><strong>lava·</strong></span> <span class='ocrx_word' id='word_1_592' title='bbox 1059 4707 1231 4780; x_wconf 74' lang='lat' dir='ltr'><strong>paenitentia</strong></span> <span class='ocrx_word' id='word_1_593' title='bbox 1253 4704 1422 4777; x_wconf 85' lang='lat' dir='ltr'><strong>incipiebat,</strong></span> <span class='ocrx_word' id='word_1_594' title='bbox 1448 4705 1518 4777; x_wconf 90' lang='lat' dir='ltr'><strong>quia</strong></span> <span class='ocrx_word' id='word_1_595' title='bbox 1532 4705 1644 4763; x_wconf 86' lang='lat' dir='ltr'><strong>scilieet</strong></span> <span class='ocrx_word' id='word_1_596' title='bbox 1668 4725 1726 4764; x_wconf 89' lang='lat' dir='ltr'><strong>non</strong></span> <span class='ocrx_word' id='word_1_597' title='bbox 1741 4705 1882 4763; x_wconf 80' lang='lat' dir='ltr'><strong>censendi</strong></span> 
     </span>
     <span class='ocr_line' id='line_1_52' title="bbox 176 4775 1881 4860; baseline -0.008 -13"><span class='ocrx_word' id='word_1_598' title='bbox 176 4806 225 4848; x_wconf 88' lang='lat' dir='ltr'><strong>oro</strong></span> <span class='ocrx_word' id='word_1_599' title='bbox 250 4783 448 4843; x_wconf 89' lang='lat' dir='ltr'><strong>ministrando</strong></span> <span class='ocrx_word' id='word_1_600' title='bbox 471 4794 531 4852; x_wconf 83' lang='lat' dir='ltr'><strong>prae</strong></span> <span class='ocrx_word' id='word_1_601' title='bbox 553 4776 674 4858; x_wconf 64' lang='lat' dir='ltr'><strong>ositnmz</strong></span> <span class='ocrx_word' id='word_1_602' title='bbox 699 4792 787 4847; x_wconf 86' lang='lat' dir='ltr'><strong>qnam</strong></span> <span class='ocrx_word' id='word_1_603' title='bbox 812 4778 863 4836; x_wconf 91' lang='lat' dir='ltr'><strong>lib.</strong></span> <span class='ocrx_word' id='word_1_604' title='bbox 879 4781 912 4835; x_wconf 86' lang='lat' dir='ltr'><strong>de</strong></span> <span class='ocrx_word' id='word_1_605' title='bbox 930 4782 1002 4853; x_wconf 84' lang='lat' dir='ltr'><strong>itep-</strong></span> <span class='ocrx_word' id='word_1_606' title='bbox 1019 4795 1043 4860; x_wconf 81' lang='lat'><strong>1)</strong></span> <span class='ocrx_word' id='word_1_607' title='bbox 1059 4784 1141 4836; x_wconf 86' lang='lat' dir='ltr'><strong>erant</strong></span> <span class='ocrx_word' id='word_1_608' title='bbox 1158 4779 1212 4834; x_wconf 86' lang='lat' dir='ltr'><strong>[teo</strong></span> <span class='ocrx_word' id='word_1_609' title='bbox 1227 4775 1344 4833; x_wconf 87' lang='lat' dir='ltr'><strong>credere</strong></span> <span class='ocrx_word' id='word_1_610' title='bbox 1364 4791 1491 4844; x_wconf 89' lang='lat' dir='ltr'><strong>eumque</strong></span> <span class='ocrx_word' id='word_1_611' title='bbox 1515 4778 1711 4850; x_wconf 87' lang='lat' dir='ltr'><strong>magniisoere</strong></span> <span class='ocrx_word' id='word_1_612' title='bbox 1725 4783 1754 4834; x_wconf 88' lang='lat' dir='ltr'><strong>et</strong></span> <span class='ocrx_word' id='word_1_613' title='bbox 1767 4778 1881 4847; x_wconf 86' lang='lat' dir='ltr'><strong>timere,</strong></span> 
     </span>
     <span class='ocr_line' id='line_1_53' title="bbox 175 4795 1882 4932; baseline -0.008 -15"><span class='ocrx_word' id='word_1_614' title='bbox 175 4863 271 4928; x_wconf 68' lang='lat' dir='ltr'><strong>immo,</strong></span> <span class='ocrx_word' id='word_1_615' title='bbox 287 4855 424 4928; x_wconf 85' lang='lat' dir='ltr'><strong>angelum</strong></span> <span class='ocrx_word' id='word_1_616' title='bbox 439 4795 676 4932; x_wconf 49' lang='lat' dir='ltr'><strong>vocstbaptismr</strong></span> <span class='ocrx_word' id='word_1_617' title='bbox 696 4847 852 4908; x_wconf 87' lang='lat' dir='ltr'><strong>arbitrum.</strong></span> <span class='ocrx_word' id='word_1_618' title='bbox 868 4851 932 4907; x_wconf 82' lang='lat' dir='ltr'><strong>itm.</strong></span> <span class='ocrx_word' id='word_1_619' title='bbox 1060 4850 1117 4932; x_wconf 80' lang='lat' dir='ltr'><strong>nisi</strong></span> <span class='ocrx_word' id='word_1_620' title='bbox 1140 4864 1207 4905; x_wconf 87' lang='lat' dir='ltr'><strong>enm</strong></span> <span class='ocrx_word' id='word_1_621' title='bbox 1231 4848 1353 4920; x_wconf 89' lang='lat' dir='ltr'><strong>dignum</strong></span> <span class='ocrx_word' id='word_1_622' title='bbox 1384 4847 1594 4920; x_wconf 86' lang='lat' dir='ltr'><strong>existimarent,</strong></span> <span class='ocrx_word' id='word_1_623' title='bbox 1618 4851 1664 4905; x_wconf 86' lang='lat' dir='ltr'><strong>oui</strong></span> <span class='ocrx_word' id='word_1_624' title='bbox 1689 4851 1725 4906; x_wconf 91' lang='lat' dir='ltr'><strong>da</strong></span> <span class='ocrx_word' id='word_1_625' title='bbox 1748 4849 1882 4922; x_wconf 86' lang='lat' dir='ltr'><strong>pristinis</strong></span> 
     </span>
    </p>

    <p class='ocr_par' dir='ltr' id='par_1_15' title="bbox 176 4917 1886 5490">
     <span class='ocr_line' id='line_1_54' title="bbox 214 4917 1882 5014; baseline -0.025 2"><span class='ocrx_word' id='word_1_626' title='bbox 214 4929 271 5014; x_wconf 77' lang='lat'>(⁵5)</span> <span class='ocrx_word' id='word_1_627' title='bbox 300 4928 462 5002; x_wconf 65' lang='lat' dir='ltr'><strong>symb⁰l¹⁸m</strong></span> <span class='ocrx_word' id='word_1_628' title='bbox 495 4927 594 4978; x_wconf 65' lang='lat' dir='ltr'><strong>&#39;mm&#39;</strong></span> <span class='ocrx_word' id='word_1_629' title='bbox 634 4917 768 4990; x_wconf 42' lang='lat' dir='ltr'><strong>²²²&amp;le</strong></span> <span class='ocrx_word' id='word_1_630' title='bbox 803 4921 1004 4994; x_wconf 79' lang='lat' dir='ltr'><strong>Syngraphum</strong></span> <span class='ocrx_word' id='word_1_631' title='bbox 1060 4922 1273 4986; x_wconf 68' lang='lat' dir='ltr'><strong>flaitslttcerent,</strong></span> <span class='ocrx_word' id='word_1_632' title='bbox 1289 4919 1673 5004; x_wconf 79' lang='lat' dir='ltr'><strong>otpoeniienriadilusrem,</strong></span> <span class='ocrx_word' id='word_1_633' title='bbox 1690 4923 1799 4996; x_wconf 82' lang='lat' dir='ltr'><strong>quein</strong></span> <span class='ocrx_word' id='word_1_634' title='bbox 1815 4937 1882 4977; x_wconf 88' lang='lat' dir='ltr'><strong>enm</strong></span> 
     </span>
     <span class='ocr_line' id='line_1_55' title="bbox 178 4989 1690 5076; baseline -0.013 -16"><span class='ocrx_word' id='word_1_635' title='bbox 178 5007 285 5059; x_wconf 84' lang='lat' dir='ltr'><strong>mortis</strong></span> <span class='ocrx_word' id='word_1_636' title='bbox 301 5002 401 5067; x_wconf 90' lang='lat' dir='ltr'><strong>donat,</strong></span> <span class='ocrx_word' id='word_1_637' title='bbox 418 4996 447 5052; x_wconf 95' lang='lat' dir='ltr'><strong>id</strong></span> <span class='ocrx_word' id='word_1_638' title='bbox 473 4996 518 5076; x_wconf 77' lang='lat' dir='ltr'><strong>aet</strong></span> <span class='ocrx_word' id='word_1_639' title='bbox 532 4995 707 5073; x_wconf 35' lang='lat' dir='ltr'><strong>peecatum...</strong></span> <span class='ocrx_word' id='word_1_640' title='bbox 721 4991 834 5048; x_wconf 78' lang='lat' dir='ltr'><strong>iitsnim</strong></span> <span class='ocrx_word' id='word_1_641' title='bbox 850 4992 1002 5063; x_wconf 86' lang='lat' dir='ltr'><strong>obligatio·</strong></span> <span class='ocrx_word' id='word_1_642' title='bbox 1061 4995 1183 5064; x_wconf 85' lang='lat' dir='ltr'><strong>ejusque</strong></span> <span class='ocrx_word' id='word_1_643' title='bbox 1198 4989 1290 5061; x_wconf 88' lang='lat' dir='ltr'><strong>legem</strong></span> <span class='ocrx_word' id='word_1_644' title='bbox 1304 4991 1373 5046; x_wconf 87' lang='lat' dir='ltr'><strong>olim</strong></span> <span class='ocrx_word' id='word_1_645' title='bbox 1390 4996 1551 5064; x_wconf 84' lang='lat' dir='ltr'><strong>pecassent.</strong></span> <span class='ocrx_word' id='word_1_646' title='bbox 1571 4999 1690 5050; x_wconf 65' lang='lat' dir='ltr'><strong>annisu,</strong></span> 
     </span>
     <span class='ocr_line' id='line_1_56' title="bbox 176 5060 1885 5135; baseline -0.032 -3"><span class='ocrx_word' id='word_1_647' title='bbox 176 5091 231 5132; x_wconf 87' lang='lat' dir='ltr'><strong>nes</strong></span> <span class='ocrx_word' id='word_1_648' title='bbox 246 5073 336 5130; x_wconf 89' lang='lat' dir='ltr'><strong>etiam</strong></span> <span class='ocrx_word' id='word_1_649' title='bbox 352 5088 386 5128; x_wconf 88' lang='lat' dir='ltr'><strong>ex</strong></span> <span class='ocrx_word' id='word_1_650' title='bbox 399 5068 515 5125; x_wconf 85' lang='lat' dir='ltr'><strong>delictis</strong></span> <span class='ocrx_word' id='word_1_651' title='bbox 529 5069 559 5120; x_wconf 89' lang='lat' dir='ltr'><strong>ot</strong></span> <span class='ocrx_word' id='word_1_652' title='bbox 574 5060 725 5118; x_wconf 84' lang='lat' dir='ltr'><strong>malellciis</strong></span> <span class='ocrx_word' id='word_1_653' title='bbox 740 5069 913 5121; x_wconf 88' lang='lat' dir='ltr'><strong>nascuntur.</strong></span> <span class='ocrx_word' id='word_1_654' title='bbox 931 5063 1004 5120; x_wconf 87' lang='lat' dir='ltr'><strong>Pau.</strong></span> <span class='ocrx_word' id='word_1_655' title='bbox 1096 5064 1150 5135; x_wconf 65' lang='lat'><strong>(60)</strong></span> <span class='ocrx_word' id='word_1_656' title='bbox 1167 5065 1265 5120; x_wconf 64' lang='lat' dir='ltr'><strong>prpma</strong></span> <span class='ocrx_word' id='word_1_657' title='bbox 1288 5063 1425 5120; x_wconf 58' lang='lat' dir='ltr'><strong>mmm</strong></span> <span class='ocrx_word' id='word_1_658' title='bbox 1440 5064 1580 5130; x_wconf 55' lang='lat' dir='ltr'><strong>,minen-0,</strong></span> <span class='ocrx_word' id='word_1_659' title='bbox 1606 5071 1660 5121; x_wconf 41' lang='lat' dir='ltr'><strong>ete·</strong></span> <span class='ocrx_word' id='word_1_660' title='bbox 1685 5066 1747 5131; x_wconf 69' lang='lat' dir='ltr'><strong>Quo</strong></span> <span class='ocrx_word' id='word_1_661' title='bbox 1768 5066 1885 5122; x_wconf 55' lang='lat' dir='ltr'><strong>metm,</strong></span> 
     </span>
     <span class='ocr_line' id='line_1_57' title="bbox 178 5131 1883 5210; baseline -0.008 -8"><span class='ocrx_word' id='word_1_662' title='bbox 178 5133 627 5203; x_wconf 84' lang='lat' dir='ltr'><strong>lueadcoloss.11dixit,chiro</strong></span> <span class='ocrx_word' id='word_1_663' title='bbox 650 5131 1004 5207; x_wconf 67' lang='lat' dir='ltr'><strong>raphum.&#39;i}iaitslvusad</strong></span> <span class='ocrx_word' id='word_1_664' title='bbox 1063 5139 1122 5191; x_wconf 84' lang='lat' dir='ltr'><strong>tote</strong></span> <span class='ocrx_word' id='word_1_665' title='bbox 1145 5136 1203 5192; x_wconf 89' lang='lat' dir='ltr'><strong>vita</strong></span> <span class='ocrx_word' id='word_1_666' title='bbox 1230 5151 1284 5190; x_wconf 91' lang='lat' dir='ltr'><strong>sua</strong></span> <span class='ocrx_word' id='word_1_667' title='bbox 1312 5134 1495 5190; x_wconf 84' lang='lat' dir='ltr'><strong>Christianus</strong></span> <span class='ocrx_word' id='word_1_668' title='bbox 1524 5136 1574 5207; x_wconf 92' lang='lat' dir='ltr'><strong>qui</strong></span> <span class='ocrx_word' id='word_1_669' title='bbox 1603 5137 1715 5210; x_wconf 87' lang='lat' dir='ltr'><strong>integre</strong></span> <span class='ocrx_word' id='word_1_670' title='bbox 1743 5135 1821 5210; x_wconf 89' lang='lat' dir='ltr'><strong>sapit</strong></span> <span class='ocrx_word' id='word_1_671' title='bbox 1846 5134 1883 5190; x_wconf 87' lang='lat' dir='ltr'><strong>ad</strong></span> 
     </span>
     <span class='ocr_line' id='line_1_58' title="bbox 177 5149 1886 5290; baseline -0.018 -2"><span class='ocrx_word' id='word_1_672' title='bbox 177 5217 239 5273; x_wconf 61' lang='grc' dir='ltr'><strong>καθ’</strong></span> <span class='ocrx_word' id='word_1_673' title='bbox 253 5217 334 5288; x_wconf 52' lang='grc' dir='ltr'><strong>ἡμῶν</strong></span> <span class='ocrx_word' id='word_1_674' title='bbox 348 5210 427 5290; x_wconf 53' lang='lat' dir='ltr'><strong>itti&amp;</strong></span> <span class='ocrx_word' id='word_1_675' title='bbox 448 5227 482 5284; x_wconf 56' lang='grc' dir='ltr'><strong>(ἃ</strong></span> <span class='ocrx_word' id='word_1_676' title='bbox 504 5226 533 5260; x_wconf 81' lang='lat' dir='ltr'><strong>0v</strong></span> <span class='ocrx_word' id='word_1_677' title='bbox 556 5209 614 5266; x_wconf 75' lang='grc' dir='ltr'><strong>τοῖς</strong></span> <span class='ocrx_word' id='word_1_678' title='bbox 629 5149 791 5280; x_wconf 44' lang='lat' dir='ltr'><strong>{liparus</strong></span> <span class='ocrx_word' id='word_1_679' title='bbox 808 5207 872 5279; x_wconf 91' lang='lat' dir='ltr'><strong>lpse</strong></span> <span class='ocrx_word' id='word_1_680' title='bbox 887 5207 1002 5263; x_wconf 79' lang='lat' dir='ltr'><strong>Tartul·</strong></span> <span class='ocrx_word' id='word_1_681' title='bbox 1063 5208 1167 5274; x_wconf 89' lang='lat' dir='ltr'><strong>Deum,</strong></span> <span class='ocrx_word' id='word_1_682' title='bbox 1183 5213 1280 5263; x_wconf 87' lang='lat' dir='ltr'><strong>mente</strong></span> <span class='ocrx_word' id='word_1_683' title='bbox 1295 5205 1329 5259; x_wconf 89' lang='lat' dir='ltr'><strong>ad</strong></span> <span class='ocrx_word' id='word_1_684' title='bbox 1346 5205 1552 5275; x_wconf 89' lang='lat' dir='ltr'><strong>idololatrium,</strong></span> <span class='ocrx_word' id='word_1_685' title='bbox 1569 5209 1606 5266; x_wconf 89' lang='lat' dir='ltr'><strong>ad</strong></span> <span class='ocrx_word' id='word_1_686' title='bbox 1621 5215 1768 5284; x_wconf 86' lang='lat' dir='ltr'><strong>stuprum,</strong></span> <span class='ocrx_word' id='word_1_687' title='bbox 1784 5209 1820 5264; x_wconf 84' lang='lat' dir='ltr'><strong>ad</strong></span> <span class='ocrx_word' id='word_1_688' title='bbox 1835 5206 1886 5261; x_wconf 90' lang='lat' dir='ltr'><strong>ho·</strong></span> 
     </span>
     <span class='ocr_line' id='line_1_59' title="bbox 176 5229 1456 5348; baseline -0.017 6"><span class='ocrx_word' id='word_1_689' title='bbox 176 5291 278 5348; x_wconf 68' lang='lat' dir='ltr'><strong>lienus</strong></span> <span class='ocrx_word' id='word_1_690' title='bbox 301 5287 353 5344; x_wconf 70' lang='lat' dir='ltr'><strong>lib.</strong></span> <span class='ocrx_word' id='word_1_691' title='bbox 378 5229 455 5340; x_wconf 39' lang='lat' dir='ltr'><strong>de}</strong></span> <span class='ocrx_word' id='word_1_692' title='bbox 497 5281 525 5336; x_wconf 72' lang='lat'><strong>1‘0</strong></span> <span class='ocrx_word' id='word_1_693' title='bbox 547 5295 557 5332; x_wconf 71' lang='grc' dir='ltr'><em>ἰ</em></span> <span class='ocrx_word' id='word_1_694' title='bbox 581 5301 595 5328; x_wconf 70' lang='lat' dir='ltr'><strong>e</strong></span> <span class='ocrx_word' id='word_1_695' title='bbox 620 5277 693 5334; x_wconf 80' lang='lat' dir='ltr'><strong>Nem</strong></span> <span class='ocrx_word' id='word_1_696' title='bbox 716 5283 746 5336; x_wconf 88' lang='lat' dir='ltr'><strong>et</strong></span> <span class='ocrx_word' id='word_1_697' title='bbox 769 5279 855 5336; x_wconf 82' lang='lat' dir='ltr'><strong>solvit</strong></span> <span class='ocrx_word' id='word_1_698' title='bbox 876 5277 1005 5335; x_wconf 88' lang='lat' dir='ltr'><strong>liberans</strong></span> <span class='ocrx_word' id='word_1_699' title='bbox 1064 5279 1216 5334; x_wconf 89' lang='lat' dir='ltr'><strong>micidium</strong></span> <span class='ocrx_word' id='word_1_700' title='bbox 1232 5279 1375 5333; x_wconf 89' lang='lat' dir='ltr'><strong>irretorta.</strong></span> <span class='ocrx_word' id='word_1_701' title='bbox 1394 5277 1456 5332; x_wconf 82' lang='lat' dir='ltr'><strong>ltro.</strong></span> 
     </span>
     <span class='ocr_line' id='line_1_60' title="bbox 178 5347 1885 5476; baseline -0.011 -57"><span class='ocrx_word' id='word_1_702' title='bbox 178 5359 332 5420; x_wconf 82' lang='lat' dir='ltr'><strong>bominem</strong></span> <span class='ocrx_word' id='word_1_703' title='bbox 377 5374 408 5412; x_wconf 90' lang='lat' dir='ltr'><strong>er</strong></span> <span class='ocrx_word' id='word_1_704' title='bbox 431 5355 592 5418; x_wconf 90' lang='lat' dir='ltr'><strong>lavacrum,</strong></span> <span class='ocrx_word' id='word_1_705' title='bbox 620 5349 728 5407; x_wconf 85' lang='lat' dir='ltr'><strong>donato</strong></span> <span class='ocrx_word' id='word_1_706' title='bbox 756 5350 782 5406; x_wconf 89' lang='lat' dir='ltr'><strong>ei</strong></span> <span class='ocrx_word' id='word_1_707' title='bbox 811 5350 1005 5425; x_wconf 87' lang='lat' dir='ltr'><strong>ehirogrupbo</strong></span> <span class='ocrx_word' id='word_1_708' title='bbox 1063 5421 1079 5476; x_wconf 70' lang='lat' dir='ltr'>d</span> <span class='ocrx_word' id='word_1_709' title='bbox 1095 5351 1156 5476; x_wconf 73' lang='lat' dir='ltr'><strong>t(di)</strong></span> <span class='ocrx_word' id='word_1_710' title='bbox 1172 5349 1378 5474; x_wconf 62' lang='lat' dir='ltr'><strong>iiqiudenqucad</strong></span> <span class='ocrx_word' id='word_1_711' title='bbox 1393 5349 1539 5406; x_wconf 85' lang='lat' dir='ltr'><strong>Dominum</strong></span> <span class='ocrx_word' id='word_1_712' title='bbox 1553 5354 1682 5408; x_wconf 83' lang='lat' dir='ltr'><strong>seusers&#39;s.</strong></span> <span class='ocrx_word' id='word_1_713' title='bbox 1695 5350 1818 5408; x_wconf 86' lang='lat' dir='ltr'><strong>Domino</strong></span> <span class='ocrx_word' id='word_1_714' title='bbox 1833 5347 1885 5403; x_wconf 90' lang='lat' dir='ltr'><strong>de-</strong></span> 
     </span>
     <span class='ocr_line' id='line_1_61' title="bbox 180 5419 1337 5490; baseline -0.026 15"><span class='ocrx_word' id='word_1_715' title='bbox 180 5431 328 5490; x_wconf 58' lang='lat' dir='ltr'><strong>m⁰iffl⁸³¹</strong></span> <span class='ocrx_word' id='word_1_716' title='bbox 370 5444 409 5485; x_wconf 79' lang='lat'><strong>¹⁰·</strong></span> <span class='ocrx_word' id='word_1_717' title='bbox 1084 5419 1154 5486; x_wconf 88' lang='lat' dir='ltr'><strong>ius,</strong></span> <span class='ocrx_word' id='word_1_718' title='bbox 1171 5421 1199 5476; x_wconf 94' lang='lat' dir='ltr'><strong>in</strong></span> <span class='ocrx_word' id='word_1_719' title='bbox 1215 5437 1256 5475; x_wconf 91' lang='lat' dir='ltr'><strong>rs.</strong></span> <span class='ocrx_word' id='word_1_720' title='bbox 1299 5434 1337 5476; x_wconf 86' lang='lat' dir='ltr'><strong>ie.</strong></span> 
     </span>
    </p>

    <p class='ocr_par' dir='ltr' id='par_1_16' title="bbox 177 5487 1887 5781">
     <span class='ocr_line' id='line_1_62' title="bbox 217 5487 1887 5576; baseline -0.02 0"><span class='ocrx_word' id='word_1_721' title='bbox 217 5505 274 5576; x_wconf 67' lang='grc'><strong>(56)</strong></span> <span class='ocrx_word' id='word_1_722' title='bbox 300 5501 353 5572; x_wconf 65' lang='lat' dir='ltr'><strong>Qu?</strong></span> <span class='ocrx_word' id='word_1_723' title='bbox 373 5495 545 5572; x_wconf 57' lang='lat' dir='ltr'><strong>miletium</strong></span> <span class='ocrx_word' id='word_1_724' title='bbox 568 5487 650 5560; x_wconf 65' lang='lat' dir='ltr'><strong>idem</strong></span> <span class='ocrx_word' id='word_1_725' title='bbox 672 5495 803 5564; x_wconf 69' lang='lat' dir='ltr'><strong>staurari.</strong></span> <span class='ocrx_word' id='word_1_726' title='bbox 832 5495 862 5552; x_wconf 91' lang='lat' dir='ltr'><strong>id</strong></span> <span class='ocrx_word' id='word_1_727' title='bbox 886 5497 940 5558; x_wconf 82' lang='lat' dir='ltr'><strong>sat,</strong></span> <span class='ocrx_word' id='word_1_728' title='bbox 957 5491 1006 5564; x_wconf 73' lang='lat' dir='ltr'><strong>qui</strong></span> <span class='ocrx_word' id='word_1_729' title='bbox 1098 5493 1154 5564; x_wconf 80' lang='grc'><strong>(62)</strong></span> <span class='ocrx_word' id='word_1_730' title='bbox 1171 5491 1332 5548; x_wconf 76' lang='lat' dir='ltr'><strong>Necessitate</strong></span> <span class='ocrx_word' id='word_1_731' title='bbox 1345 5490 1723 5562; x_wconf 82' lang='lat' dir='ltr'><strong>uoaspoute.turabant,in</strong></span> <span class='ocrx_word' id='word_1_732' title='bbox 1738 5488 1887 5562; x_wconf 90' lang='lat' dir='ltr'><strong>baptismo</strong></span> 
     </span>
     <span class='ocr_line' id='line_1_63' title="bbox 177 5559 1887 5648; baseline -0.022 3"><span class='ocrx_word' id='word_1_733' title='bbox 177 5575 329 5648; x_wconf 62' lang='lat' dir='ltr'><strong>5⁰⁶5?illut</strong></span> <span class='ocrx_word' id='word_1_734' title='bbox 344 5571 461 5629; x_wconf 67' lang='lat' dir='ltr'><strong>⁰l⁸dssi⁰</strong></span> <span class='ocrx_word' id='word_1_735' title='bbox 484 5559 685 5644; x_wconf 57' lang='lat' dir='ltr'><strong>iloenstfflfflttm</strong></span> <span class='ocrx_word' id='word_1_736' title='bbox 701 5579 776 5634; x_wconf 86' lang='lat' dir='ltr'><strong>esse,</strong></span> <span class='ocrx_word' id='word_1_737' title='bbox 793 5569 821 5621; x_wconf 89' lang='lat' dir='ltr'><strong>at</strong></span> <span class='ocrx_word' id='word_1_738' title='bbox 844 5569 942 5622; x_wconf 90' lang='lat' dir='ltr'><strong>tamen</strong></span> <span class='ocrx_word' id='word_1_739' title='bbox 958 5581 1007 5621; x_wconf 90' lang='lat' dir='ltr'><strong>eos</strong></span> <span class='ocrx_word' id='word_1_740' title='bbox 1063 5563 1245 5620; x_wconf 87' lang='lat' dir='ltr'><strong>solemnibus</strong></span> <span class='ocrx_word' id='word_1_741' title='bbox 1260 5562 1356 5618; x_wconf 88' lang='lat' dir='ltr'><strong>verbis</strong></span> <span class='ocrx_word' id='word_1_742' title='bbox 1371 5578 1403 5617; x_wconf 91' lang='lat' dir='ltr'><strong>se</strong></span> <span class='ocrx_word' id='word_1_743' title='bbox 1419 5579 1568 5632; x_wconf 85' lang='lat' dir='ltr'><strong>nunquam</strong></span> <span class='ocrx_word' id='word_1_744' title='bbox 1584 5569 1767 5635; x_wconf 83' lang='lat' dir='ltr'><strong>proeatnros,</strong></span> <span class='ocrx_word' id='word_1_745' title='bbox 1782 5559 1887 5616; x_wconf 86' lang='lat' dir='ltr'><strong>deinde</strong></span> 
     </span>
     <span class='ocr_line' id='line_1_64' title="bbox 178 5631 1887 5719; baseline -0.018 -3"><span class='ocrx_word' id='word_1_746' title='bbox 178 5665 240 5706; x_wconf 76' lang='lat'>¹¹⁰⁰</span> <span class='ocrx_word' id='word_1_747' title='bbox 259 5662 325 5702; x_wconf 71' lang='lat' dir='ltr'><strong>tete</strong></span> <span class='ocrx_word' id='word_1_748' title='bbox 344 5643 483 5719; x_wconf 68' lang='lat' dir='ltr'><strong>poessstflli</strong></span> <span class='ocrx_word' id='word_1_749' title='bbox 509 5631 583 5692; x_wconf 70' lang='lat' dir='ltr'><strong>nihtl</strong></span> <span class='ocrx_word' id='word_1_750' title='bbox 607 5647 684 5688; x_wconf 63' lang='lat' dir='ltr'><strong>enlm</strong></span> <span class='ocrx_word' id='word_1_751' title='bbox 710 5635 1008 5704; x_wconf 85' lang='lat' dir='ltr'><strong>priuscatechnmeni</strong></span> <span class='ocrx_word' id='word_1_752' title='bbox 1064 5637 1272 5692; x_wconf 87' lang='lat' dir='ltr'><strong>renuntiabant</strong></span> <span class='ocrx_word' id='word_1_753' title='bbox 1300 5633 1415 5692; x_wconf 90' lang='lat' dir='ltr'><strong>diabolo</strong></span> <span class='ocrx_word' id='word_1_754' title='bbox 1443 5639 1472 5690; x_wconf 89' lang='lat' dir='ltr'><strong>et</strong></span> <span class='ocrx_word' id='word_1_755' title='bbox 1500 5637 1617 5718; x_wconf 87' lang='lat' dir='ltr'><strong>pompis</strong></span> <span class='ocrx_word' id='word_1_756' title='bbox 1641 5637 1729 5706; x_wconf 75' lang='lat' dir='ltr'><strong>ejus:</strong></span> <span class='ocrx_word' id='word_1_757' title='bbox 1760 5632 1887 5703; x_wconf 89' lang='lat' dir='ltr'><strong>deniqne</strong></span> 
     </span>
     <span class='ocr_line' id='line_1_65' title="bbox 177 5705 1874 5781; baseline -0.009 -6"><span class='ocrx_word' id='word_1_758' title='bbox 177 5720 244 5778; x_wconf 84' lang='lat' dir='ltr'><strong>aive</strong></span> <span class='ocrx_word' id='word_1_759' title='bbox 257 5718 367 5776; x_wconf 80' lang='lat' dir='ltr'><strong>tirones</strong></span> <span class='ocrx_word' id='word_1_760' title='bbox 382 5711 574 5778; x_wconf 80' lang='lat' dir='ltr'><strong>docebuntur,</strong></span> <span class='ocrx_word' id='word_1_761' title='bbox 590 5719 679 5776; x_wconf 87' lang='lat' dir='ltr'><strong>quarn</strong></span> <span class='ocrx_word' id='word_1_762' title='bbox 701 5711 733 5764; x_wconf 91' lang='lat' dir='ltr'><strong>ut</strong></span> <span class='ocrx_word' id='word_1_763' title='bbox 747 5706 853 5780; x_wconf 86' lang='lat' dir='ltr'><strong>prioris</strong></span> <span class='ocrx_word' id='word_1_764' title='bbox 868 5711 932 5766; x_wconf 84' lang='lat' dir='ltr'><strong>vita</strong></span> <span class='ocrx_word' id='word_1_765' title='bbox 947 5725 1008 5781; x_wconf 80' lang='lat' dir='ltr'><strong>pos·</strong></span> <span class='ocrx_word' id='word_1_766' title='bbox 1064 5722 1198 5778; x_wconf 87' lang='lat' dir='ltr'><strong>censura,</strong></span> <span class='ocrx_word' id='word_1_767' title='bbox 1215 5707 1240 5765; x_wconf 86' lang='lat' dir='ltr'><strong>ei</strong></span> <span class='ocrx_word' id='word_1_768' title='bbox 1255 5711 1410 5781; x_wconf 81' lang='lat' dir='ltr'><strong>peccarent</strong></span> <span class='ocrx_word' id='word_1_769' title='bbox 1424 5709 1490 5776; x_wconf 86' lang='lat' dir='ltr'><strong>poet</strong></span> <span class='ocrx_word' id='word_1_770' title='bbox 1501 5707 1682 5778; x_wconf 86' lang='lat' dir='ltr'><strong>baptismum</strong></span> <span class='ocrx_word' id='word_1_771' title='bbox 1698 5705 1874 5764; x_wconf 88' lang='lat' dir='ltr'><strong>ooereabant</strong></span> 
     </span>
    </p>
   </div>
   <div class='ocr_carea' id='block_1_13' title="bbox 177 5777 1647 5863">
    <p class='ocr_par' dir='ltr' id='par_1_17' title="bbox 177 5777 1647 5863">
     <span class='ocr_line' id='line_1_66' title="bbox 177 5777 1647 5863; baseline -0.005 -19"><span class='ocrx_word' id='word_1_772' title='bbox 177 5791 340 5852; x_wconf 76' lang='lat' dir='ltr'><strong>nisantium</strong></span> <span class='ocrx_word' id='word_1_773' title='bbox 356 5787 488 5863; x_wconf 85' lang='lat' dir='ltr'><strong>agerent.</strong></span> <span class='ocrx_word' id='word_1_774' title='bbox 504 5781 627 5838; x_wconf 71' lang='lat' dir='ltr'><strong>duem·</strong></span> <span class='ocrx_word' id='word_1_775' title='bbox 1064 5785 1243 5853; x_wconf 85' lang='lat' dir='ltr'><strong>quapropter</strong></span> <span class='ocrx_word' id='word_1_776' title='bbox 1257 5779 1308 5851; x_wconf 88' lang='lat' dir='ltr'><strong>ait,</strong></span> <span class='ocrx_word' id='word_1_777' title='bbox 1325 5777 1510 5837; x_wconf 86' lang='lat' dir='ltr'><strong>necessitate.</strong></span> <span class='ocrx_word' id='word_1_778' title='bbox 1525 5779 1647 5836; x_wconf 74' lang='lat' dir='ltr'><strong>Amase.</strong></span> 
     </span>
    </p>
   </div>
   <div class='ocr_carea' id='block_1_14' title="bbox 0 0 2116 6192">
    <p class='ocr_par' dir='ltr' id='par_1_18' title="bbox 0 0 2116 6192">
     <span class='ocr_line' id='line_1_67' title="bbox 0 0 2116 6192; baseline 0 0"><span class='ocrx_word' id='word_1_779' title='bbox 0 0 2116 6192; x_wconf 95' lang='lat' dir='ltr'><strong> </strong></span> 
     </span>
    </p>
   </div>
  </div>
 </body>
</html>
