4152 6192
12 17 568 90 -τ-τᾷ-Τ”““
750 10 792 21 '⁷‘

152 331 231 392 iioo
385 367 388 374 1
727 323 901 386 ιιιοιοιι
921 325 948 388 ιι
968 325 1021 387 an
1042 323 1219 386 nxoena.
1646 400 1652 411 Ι
1778 327 1859 388 ιιιο

150 461 229 534 quod
243 457 367 514 credunt
381 459 508 524 servent,
525 455 549 514 si
577 455 651 512 torte
667 451 814 512 laedantur
825 454 880 528 (52)
895 452 951 528 ipsi
968 471 976 510 r
993 459 1020 526 Α
1356 453 1472 512 CAPUT
1490 455 1538 512 Vl.

151 548 301 606 sustinent
329 561 455 618 quorum
486 545 570 601 dotes
607 544 773 617 objectione
799 544 928 601 nominis
955 544 979 579 ’³
1069 545 1201 602 Moratur
1214 543 1265 601 Dei
1281 543 1390 602 ancilla
1412 561 1479 602 oum
1500 543 1611 602 laribus
1627 545 1731 602 alienis
1746 547 1814 620 (53),
1829 551 1859 606 et

149 637 310 696 mercedem
331 635 440 692 silentii
464 633 585 703 iaciant,
610 633 721 690 scilicet
735 633 813 706 apud
837 633 979 690 arbitrum
1033 633 1111 690 inter
1125 632 1192 690 illos
1206 634 1343 690 omnibus
1357 634 1519 690 bonoribus
1535 635 1702 692 daemonum
1713 636 1747 702 ²¹,
1762 638 1857 693 omni-

150 724 367 801 speoulatorem
390 721 554 795 litigaturi.'
567 722 649 788 Quod
669 721 815 795 pleraque
839 738 897 778 non
916 737 981 795 pro·
1034 722 1091 778 bos
1106 721 1209 780 12⁰8
1231 721 1414 779 solemnibus
1438 739 1571 794 regnum,
1596 724 1754 796 incipiente
1768 742 1857 800 anno,

150 817 292 881 videntes,
318 817 370 870 aut
394 827 425 868 re
449 809 625 884 excruciata,
650 814 701 868 aut
724 810 780 867 ilde
800 809 915 882 perdita
933 827 980 866 re·
1034 810 1192 882 incipiente
1220 827 1332 882 menae,
1362 812 1465 868 nidore
1498 812 1592 870 thuris
1620 815 1789 887 agitabitur.
1825 817 1860 873 iit

151 902 352 962 cesserunt²⁸.
1035 899 1172 973 procedet
1192 900 1229 955 de
1252 902 1347 972 janua
1369 899 1501 958 laureata
1523 905 1553 958 et
1574 901 1734 972 lucernata,
1766 908 1798 960 ut
1822 906 1859 962 de

551 1017 586 1030 -
1035 1005 1109 1046 novo
1125 988 1300 1046 consistorio
1322 989 1480 1048 libidinum
1496 990 1679 1064 publicarum
1695 993 1771 1066 (54),
1796 993 1858 1052 dis·

871 1103 973 1166 Varie
995 1103 1158 1166 lectiones.

190 1211 213 1250 ¹⁸
229 1211 290 1284 ltip.
304 1209 460 1267 Sustinent
473 1209 607 1280 quidam,
622 1210 780 1277 reservent,
793 1209 819 1266 ai
831 1207 852 1266 t.
864 1207 1020 1265 ledantnr.
1037 1209 1200 1279 Sustinent,
1215 1226 1266 1282 qu.
1285 1210 1315 1267 d.
1331 1211 1513 1283 subjectione
1528 1211 1667 1281 nominis,
1688 1218 1742 1270 ete.
1781 1216 1804 1252 ²⁴
1819 1217 1861 1272 lte

150 1283 634 1414 qeoitmtg'lqrqq.dli·iqq⁰r¹qqqlgnoeeere
649 1284 848 1352 consuerunt;
872 1283 968 1339 eaetm
980 1286 1201 1339 recensuerant.
1240 1281 1262 1318 ²⁸
1276 1283 1336 1355 ltip.
1354 1299 1421 1340 cum
1445 1283 1595 1342 laboribus
1610 1284 1715 1344 olienis
1728 1315 1764 1328 -
1777 1303 1858 1344 omn.

872 1443 1134 1506 Commentarius.

152 1554 274 1628 quidem
288 1550 511 1609 conversatione
534 1553 563 1608 et
581 1548 718 1607 familiari
733 1549 868 1608 convictu
883 1551 981 1607 Eccle-
1035 1549 1221 1624 apertissimo
1237 1567 1327 1609 sensu
1351 1550 1543 1626 interrogant.
1568 1554 1670 1627 ltaque
1691 1553 1751 1612 illio
1770 1555 1858 1612 etiam

153 1626 430 1710 sieusacramenta,
458 1639 523 1708 quta
554 1621 661 1679 melius
693 1622 771 1679 inter
797 1623 980 1706 Christianos
1035 1623 1196 1707 interregni
1220 1622 1501 1710 Tertullianuehan
1525 1641 1592 1710 vero
1617 1625 1713 1683 simile
1728 1626 1861 1684 videatur

154 1693 981 1840 {illitterati‘iitttittititltltitillet:
1035 1695 1242 1822 illitati
1256 1693 1762 1840 arietilliallinivilla
1777 1699 1859 1827 illi

158 1844 249 1916 dique
273 1841 467 1914 praebeantur.
484 1835 557 1895 Nam
582 1837 633 1911 qui
658 1837 721 1894 fleri
744 1841 840 1911 potest
868 1843 901 1894 ut
924 1854 981 1894 non
1037 1837 1174 1906 servabit,
1200 1836 1249 1894 ille
1273 1855 1331 1896 non
1356 1839 1487 1910 inquiret
1509 1841 1579 1914 quid
1608 1841 1644 1898 ab
1669 1858 1703 1897 ea
1726 1842 1861 1914 religiose

156 1906 846 1986 aliquandodeprebendaturamaritomulier,
863 1911 982 1966 eumad
1038 1909 1193 1967 servetur?
1217 1912 1247 1965 et
1270 1911 1312 1966 eei
1340 1909 1457 1966 sciverit
1483 1928 1599 1984 paoem,
1628 1913 1735 1984 inquit,
1764 1929 1861 1970 nonne

157 2001 275 2043 omnem
292 1997 481 2057 progressum
501 1987 589 2054 atqua
606 1984 790 2064 promotum,
815 1980 851 2037 ad
865 1997 983 2038 omnem
997 1989 1023 2057 Β
1037 1981 1136 2039 credet
1150 1997 1217 2037 eum
1241 1997 1307 2038 esse
1328 1981 1377 2054 qui
1394 1982 1511 2052 dicitur,
1528 1983 1557 2040 id
1581 1987 1637 2052 est,
1652 2000 1739 2057 quem
1754 1986 1861 2059 vulgus

158 2058 272 2115 aditum
293 2059 323 2112 et
345 2055 465 2120 exitum,
481 2055 518 2111 ad
542 2057 679 2110 vestitum
703 2057 732 2108 ct
755 2052 929 2122 calceatum,
945 2054 982 2109 od
1036 2053 1183 2110 infamat?
1198 2052 1261 2110 ltin.

158 2130 286 2195 lavacra,
311 2128 347 2182 ad
376 2141 505 2190 mensas,
528 2124 563 2181 ad
589 2124 713 2193 lumina,
738 2125 774 2180 ad
802 2124 922 2198 cubilia,
945 2125 982 2181 ad
1072 2125 1129 2196 (52)
1147 2124 1270 2192 Quorum
1295 2141 1399 2182 arcano
1422 2127 1452 2181 in
1476 2124 1635 2194 perieulum
1655 2127 1725 2198 qaod
1746 2127 1862 2184 credunt

159 2200 274 2270 sedilia,
289 2198 415 2255 frontem
437 2197 532 2255 crucis
557 2196 708 2269 signaculo
722 2199 820 2252 teret?
843 2213 910 2253 oum
926 2213 983 2254 aree
1037 2200 1184 2262 reservent,
1200 2198 1227 2252 si
1237 2199 1308 2268 sorte
1333 2195 1486 2253 ladontm.
1513 2197 1640 2254 Uxorum
1657 2214 1764 2255 arcane
1778 2199 1860 2267 dicit,

159 2269 301 2330 iumentis
316 2270 434 2327 odorem
457 2268 625 2326 nidoromve
651 2268 794 2325 detestata
817 2268 984 2325 ersoillabit
1038 2267 1116 2340 quod
1133 2285 1237 2325 uxores
1253 2285 1324 2324 suae
1338 2267 1513 2326 Christianis
1527 2269 1619 2326 sacris
1634 2277 1787 2342 operantes
1803 2287 1861 2327 non

158 2361 192 2402 ac
207 2341 352 2414 despuet?
366 2357 434 2398 oum
450 2340 576 2410 denique
598 2354 648 2413 per
673 2343 788 2396 noctem
803 2340 839 2395 ad
855 2356 982 2397 couveu-
1037 2339 1172 2412 prodant.
1200 2339 1307 2396 ilerum
1332 2340 1424 2414 igitur
1448 2356 1554 2396 arcana
1578 2341 1675 2397 mariti
1700 2342 1808 2399 ethnici
1831 2341 1862 2398 in

156 2421 207 2473 tue
239 2413 430 2471 antelucanos
467 2412 591 2484 hymnos
628 2410 743 2468 Christo
776 2410 835 2467 Deo
868 2412 984 2469 dictura
1039 2411 1294 2483 periculumquod
1312 2411 1861 2486 creduntreeervent,boceet,inpe·

157 2485 364 2617 :titillat
384 2482 984 2613 ltl⁰¹²iit²⁰tdtl²litlt⁸iilti
1037 2483 1411 2611 lillmattlittttt
1431 2483 1861 2613 illitttttlttteffli

158 2632 222 2689 Non
238 2628 321 2696 sciet,
346 2596 413 2684 ei’in
435 2571 685 2708 οοινιεοῑιιιιιᾳᾱοιοί
709 2625 917 2708 eucharistiam
933 2643 983 2683 su·
1037 2597 1121 2681 tuao’
1137 2571 1276 2698 tgmporis
1303 2642 1352 2682 aaa
1375 2573 1512 2698 prodiint,
1536 2626 1563 2683 si
1589 2575 1742 2700 quesieris
1769 2575 1862 2686 arigii

159 2701 247 2760 mest
259 2699 322 2756 Non
335 2697 534 2756 sciscitabitur
543 2697 701 2766 curiosius,
713 2697 784 2770 qoid
797 2701 984 2755 secretoante
1036 2700 1144 2754 tesura
1156 2697 1313 2754 undeunde
1327 2703 1467 2770 concepta
1481 2699 1639 2772 perniciem
1654 2700 1697 2758 oio
1711 2705 1860 2774 exoptent.

158 2787 277 2832 omnem
293 2771 392 2828 eibum
415 2769 538 2844 gustes?
562 2773 595 2826 et
607 2770 634 2826 si
648 2768 765 2826 eoiverit
779 2785 883 2841 panem
906 2785 983 2838 esee,
1038 2769 1103 2826 ltro.

159 2863 218 2904 non
234 2843 373 2901 continuo
388 2857 488 2898 secum
512 2841 671 2914 reputabit,
687 2857 792 2925 panem
807 2840 890 2898 illum
907 2858 982 2909 ease,
1073 2870 1108 2880 -
1122 2838 1153 2895 Si
1165 2839 1237 2910 sorte
1252 2837 1401 2896 Mentor.
1425 2837 1484 2896 Ηοο
1511 2840 1680 2913 astatque
1702 2841 1774 2900 forie
1788 2841 1862 2898 inci·

158 2917 210 2990 qui
226 2915 334 2972 dicitur
349 2913 525 2972 infanticidii
549 2929 652 2970 cruore
675 2913 774 2986 tingit
788 2913 856 2978 Qua
871 2913 982 2971 calum·
1037 2910 1088 2967 dat
1102 2910 1193 2967 animi
1209 2909 1325 2980 lesura,
1348 2913 1373 2968 si
1397 2912 1475 2984 quod
1499 2911 1641 2995 jurgium,
1656 2914 1682 2971 ei
1697 2931 1756 2985 qua
1771 2913 1861 2982 lesio,

159 2989 209 3046 nia
222 2986 402 3045 Christianos
416 2987 478 3042 tum
496 2985 623 3041 maxime
645 2989 777 3042 vexabat.
793 2985 902 3042 Demus
917 3001 982 3041 vero
1037 2982 1167 3054 quercla,
1192 2982 1314 3048 offensa,
1339 2983 1364 3038 ei
1388 2999 1448 3054 qua
1472 2983 1519 3050 lie,
1539 3001 1564 3040 ei
1589 2986 1667 3056 quod
1691 2986 1861 3042 discrimen.

158 3060 288 3133 aliquem
312 3055 444 3129 reperiri,
470 3055 522 3128 qui
545 3055 618 3112 nibil
647 3057 684 3112 de
707 3055 829 3130 magicis
857 3055 983 3126 artibus,
1039 3053 1111 3110 ltine
1130 3053 1185 3109 ille
1208 3053 1367 3110 affectuum
1391 3069 1475 3110 voces
1499 3053 1528 3110 iu
1544 3055 1746 3128 sepulcrorum
1771 3057 1862 3114 inori-

160 3131 235 3198 nihil
258 3130 295 3186 de
317 3128 475 3185 infantium
504 3127 591 3192 cade,
617 3126 690 3182 nibil
710 3127 746 3184 de
766 3127 862 3184 crude
885 3127 983 3184 earnis
1037 3125 1189 3198 ptionibue
1205 3141 1213 3180 a
1229 3125 1270 3180 Da
1284 3141 1342 3188 oua
1356 3143 1437 3182 ninii.
1454 3141 1575 3183 nostrus
1589 3145 1649 3186 ssa.
1665 3133 1704 3184 lta
1718 3145 1775 3192 ona
1790 3145 1862 3184 ivus·

159 3201 280 3278 pabulo,
298 3199 372 3256 nibil
396 3199 432 3255 de
455 3215 530 3270 pane
544 3202 696 3254 cruentato
721 3199 906 3271 suspicetur3
931 3199 983 3256 sed
1037 3214 1097 3254 sua
1113 3213 1246 3252 nouoaaii
1267 3213 1437 3252 naamanin.
1461 3202 1526 3252 coa
1548 3214 1606 3261 oua
1620 3215 1696 3256 vixir
1709 3216 1774 3256 sins
1789 3215 1862 3255 unna

160 3287 373 3404 illideret
395 3268 830 3398 'tittilitlttelttitl
856 3269 983 3397 :ilii
1038 3285 1110 3396 'alit
1124 3284 1188 3394 tlt
1202 3268 1704 3399 ‘'aliialii’'{trifoliiffl
1728 3286 1859 3328 Μ·
1922 3279 1925 3287 ⁴

160 3416 303 3492 ligantias
330 3386 472 3470 asservati
501 3411 629 3468 rationes
652 3357 985 3486 simplieiiirpignoret;
1078 3410 1134 3482 (53)
1152 3380 1273 3467 iteretur
1297 3413 1347 3468 Dei
1369 3355 1472 3468 afflicta
1494 3428 1558 3467 oum
1585 3384 1724 3469 laboribus
1751 3410 1863 3468 otiante.

163 3507 200 3546 an
226 3490 313 3563 putas
337 3501 404 3542 eum
428 3499 503 3553 esse,
529 3482 579 3556 qui
604 3483 664 3540 beo
686 3484 819 3558 ignorata
842 3485 989 3542 sustineat
1041 3481 1086 3538 sic
1109 3482 1331 3539 emendavimus
1358 3483 1435 3554 quod
1459 3489 1527 3539 ante
1549 3489 1696 3556 repartum
1720 3483 1863 3557 tgobardi

164 3561 229 3618 eine
270 3557 387 3614 emito?
408 3553 489 3611 Certe
513 3555 538 3611 si
563 3552 636 3610 nihil
660 3555 696 3612 de
719 3571 794 3630 pane
815 3554 866 3613 illo
890 3556 985 3612 luriali
1041 3553 1170 3609 codicem
1186 3552 1346 3627 legebatur,
1365 3570 1427 3609 cam
1450 3555 1556 3610 toribar
1573 3557 1684 3612 olienis.
1701 3555 1864 3612 Mendosia·

164 3637 193 3689 et
207 3632 260 3686 bar
283 3645 332 3686 aro
345 3627 523 3700 suspicetur,
539 3629 569 3681 at
582 3626 618 3682 da
634 3643 708 3710 pane
721 3635 862 3686 venenato
873 3627 986 3702 aliquid
1042 3625 1126 3681 sime.
1142 3624 1214 3681 Nam
1234 3626 1259 3682 ai
1274 3623 1350 3682 lares
1375 3641 1426 3708 pro
1441 3625 1591 3682 domicilio
1617 3627 1731 3692 dixerit,
1746 3644 1803 3684 non
1819 3630 1865 3683 est

160 3699 989 3830 iltttttbtitiitlatattitiittttlttiettit
1039 3696 1865 3840 tttitilittilrl‘‘inilletittitlltltti

160 3846 294 3921 quidam,
311 3843 377 3900 sina
391 3839 513 3916 gemitu,
530 3839 595 3896 sine
620 3841 788 3914 suspicione
802 3842 915 3897 veneni.
931 3842 986 3898 Sed
1041 3839 1110 3911 quis
1124 3839 1254 3910 objiciat,
1277 3841 1354 3911 quod
1380 3841 1455 3897 lares
1471 3810 1582 3897 alienos
1606 3788 1692 3914 aciat,
1708 3859 1765 3900 non
1782 3859 1864 3911 aiios,

158 3917 311 3976 sustinent
326 3919 359 3972 ut
374 3929 478 3971 uxores
493 3916 725 3994 suaaprotorani
748 3912 921 3970 aoludibrio
937 3913 987 3970 ba·
1040 3909 1170 4038 quince
1193 3925 1262 3966 auos
1287 3911 1420 3981 agnoseit
1444 3911 1529 3968 ullos.
1555 3917 1593 3966 At
1614 3915 1683 3986 Jure
1711 3915 1866 3985 exprobrat

158 3989 404 4060 beant,quarum
430 3999 537 4040 areana
563 3997 593 4038 in
616 3983 695 4041 bunc
715 4001 803 4041 urum
827 3989 985 4052 reservent,
1064 3981 1221 4043 hristianae.
1251 3997 1325 4052 que,
1355 3998 1420 4038 oiim
1451 3983 1558 4040 ancilla
1586 3987 1631 4040 ori
1661 3984 1711 4049 eit,
1735 3989 1867 4042 moratur

156 4067 191 4118 ut
218 4059 347 4117 babeant
375 4056 453 4113 undo
478 4055 516 4111 iis
545 4054 707 4127 periculum
737 4073 835 4114 creare
858 4056 986 4139 possint,
1040 4069 1108 4110 oum
1131 4053 1280 4108 laboribus
1302 4051 1522 4126 alionie,quam
1548 4055 1714 4113 conveniret
1729 4054 1865 4126 occupari

156 4133 180 4190 oi
198 4131 270 4188 forte
287 4131 316 4187 iu
338 4127 485 4196 adulterii,
502 4123 576 4182 ialso
599 4125 772 4200 plerumque
787 4128 901 4194 crediti,
917 4145 985 4184 sos·
1040 4125 1113 4182 suis.
1138 4126 1210 4180 Sunt
1233 4122 1348 4181 labores
1373 4124 1605 4182 Christianorum
1634 4129 1771 4201 proprii:
1793 4129 1864 4182 sunt

176 4205 301 4288 icionem
317 4199 444 4258 veniant.
470 4197 632 4264 Sustinent,
654 4204 684 4256 et
704 4199 985 4285 eumexploravere,
1040 4195 1201 4270 gentilium.
1219 4195 1327 4278 llorurn
1344 4194 1460 4280 labores
1486 4201 1594 4254 Auctor
1608 4199 1727 4255 innuit:
1747 4214 1866 4254 concur·

154 4269 986 4415 titillatattiliitiilltiillttitliiitl:
1039 4270 1864 4413 tttt.⁰l.ti⁰.lttilittitlttltilllltidt

155 4417 349 4478 stantioribue
377 4414 485 4470 dotem
518 4413 609 4467 lirant
637 4421 715 4470 enim
750 4432 814 4489 qua
844 4415 985 4489 pecunias
1040 4414 1196 4480 instruere,
1211 4411 1363 4476 conficere,
1380 4410 1438 4466 alia
1460 4413 1535 4479 Jovi,
1551 4413 1609 4470 elia
1629 4415 1724 4481 Marti,
1739 4413 1798 4469 alia
1812 4411 1863 4468 Ce-

155 4485 385 4548 conouesoribue
403 4499 438 4540 ao
454 4481 637 4538 delatoribus
650 4485 755 4542 darent
768 4503 824 4543 noo
841 4487 983 4554 modicas,
1040 4484 1105 4552 reri,
1135 4482 1261 4538 ovantiis
1285 4486 1314 4537 ct
1342 4482 1526 4542 solemnibus
1550 4487 1695 4542 Caesarum
1720 4486 1863 4540 interesse

155 4579 193 4620 ne
222 4559 416 4620 deterrentur,
447 4569 500 4610 neo
533 4553 655 4611 deerant
684 4557 782 4614 mariti
808 4559 858 4632 qui
888 4563 985 4630 capta·
1039 4554 1197 4629 incipiente
1225 4569 1313 4623 anno,
1350 4553 1507 4627 incipiente
1536 4573 1654 4625 manae;
1683 4557 1719 4612 ad
1741 4558 1865 4628 januam

156 4639 232 4702 rent,
245 4649 279 4689 ao
300 4629 444 4686 delatores
473 4623 668 4709 subornarent
682 4627 858 4700 quibuscum
885 4629 920 4686 do
935 4645 984 4702 pe·
1039 4626 1155 4684 laurum
1171 4627 1346 4709 depangere,
1363 4625 1498 4684 lucernas
1518 4629 1684 4684 accendere.
1701 4628 1735 4685 lli
1751 4628 1867 4684 labores

154 4703 248 4762 cunia
273 4703 364 4774 quota
390 4697 728 4780 sublectis-nominibus
753 4701 982 4771 paciscerentur,
1039 4698 1159 4755 omnino
1183 4697 1271 4754 alieni
1287 4702 1359 4754 sunt
1381 4698 1566 4756 Christiania.
1590 4702 1627 4755 At
1642 4705 1711 4756 sunt
1735 4700 1784 4756 alii
1801 4715 1866 4771 pro-

154 4791 249 4847 eaque
264 4768 446 4844 subjectione
468 4783 608 4852 nominis,
631 4767 660 4824 id
675 4776 722 4826 ast
744 4771 907 4838 creditoris,
923 4735 1100 4856 ple-Dprie
1127 4769 1372 4838 Christianorum,
1402 4786 1477 4841 quoe
1512 4776 1538 4826 et
1566 4771 1628 4842 ipae
1662 4771 1863 4828 Tertullianus

155 4861 282 4918 rumque
296 4857 420 4900 uxorum
444 4839 680 4922 Christianarqm
706 4842 787 4900 dotes
808 4849 858 4900 tor
879 4845 984 4900 issima
1038 4841 1200 4898 describit:
1217 4841 1358 4896 stationes
1383 4841 1473 4912 obire,
1485 4841 1601 4914 jejunia
1615 4842 1779 4908 observare,
1795 4859 1862 4916 pre·

154 4919 192 4976 de
220 4917 353 4991 pactione
381 4930 434 4986 pro
462 4909 595 4968 mercede
623 4910 735 4968 silentii
763 4861 981 4987 praedabantur.
1038 4910 1864 4985 cedere,pernoctaresolemnibusPaschae,incarceram

154 4989 269 5048 Namei
295 4985 436 5045 fraudata
461 4981 652 5055 dotisageret
677 5001 760 5050 uxor,
784 4985 984 5059 statim,quia
1038 4985 1074 5042 ad
1105 4983 1267 5041 osculanda
1297 4988 1457 5056 martyrum
1486 4984 1604 5042 vincula
1628 4991 1752 5060 reptare,
1776 4985 1866 5042 elicui

154 5061 332 5126 Christiana,
343 5057 379 5114 ab
390 5055 581 5139 delatoribus,
594 5070 669 5127 quoe
683 5057 805 5114 maritus
820 5059 984 5126 subjecerat
1039 5058 1164 5113 fratrum
1180 5057 1215 5111 ad
1232 5054 1364 5112 osculum
1381 5057 1546 5129 convenire,
1569 5075 1675 5131 aquam
1692 5063 1864 5117 sanctorum

156 5151 190 5191 ao
205 5133 425 5196 subornaverat,
439 5128 468 5183 in
479 5127 637 5184 discrimen
654 5128 759 5200 eapitis
769 5129 982 5197 adducebatur,
1043 5129 1167 5202 pedibus
1182 5127 1294 5184 offerre.
1312 5127 1376 5183 llic.

156 5205 201 5264 sie
225 5204 288 5276 ipae
309 5201 434 5260 maritus
463 5197 640 5270 speculator,
660 5199 710 5272 qui
755 5218 787 5259 er
813 5201 983 5275 nuptiarum
1075 5200 1131 5272 (54)
1146 5201 1180 5254 Et
1194 5197 1315 5272 procidet
1337 5198 1371 5253 de
1395 5197 1479 5266 (οοιια
1503 5199 1634 5258 laureato
1657 5206 1683 5259 et
1709 5201 1863 5269 lucernata,

155 5277 340 5336 occasionem
355 5285 462 5357 aroana
484 5267 652 5328 Christiane
671 5219 794 5332 subicio
815 5274 984 5349 speculatus
1038 5273 1069 5328 ot
1083 5271 1116 5328 de
1128 5285 1197 5328 novo
1218 5271 1385 5352 consistorio·
1398 5269 1549 5328 libidinum
1568 5271 1756 5347 publicorum.
1775 5273 1864 5330 litoris

156 5353 230 5416 erat,
246 5346 308 5404 litis
324 5347 433 5404 arbiter
452 5339 550 5424 tiebat,
573 5344 729 5401 eratenim
754 5363 874 5404 necesso
889 5345 984 5416 uxori,
1039 5348 1102 5399 erat
1117 5343 1193 5417 apud
1216 5341 1354 5398 Etlinioos
1379 5357 1408 5397 in
1431 5339 1531 5399 laetitia
1553 5345 1671 5417 publica
1694 5363 1752 5402 non
1768 5347 1863 5400 sotum

157 5416 215 5480 uisi
233 5419 307 5477 mori
323 5415 509 5492 paratissima
532 5417 621 5478 esset,
642 5413 729 5473 iidem
745 5417 860 5476 Christo
875 5419 984 5474 dictam
1039 5414 1139 5473 lauros
1150 5414 1207 5472 alili
1231 5413 1647 5487 erejanuieedlumsuarum,
1659 5433 1761 5473 verum
1776 5415 1865 5470 etiam

179 5493 291 5562 erdere,
316 5489 360 5548 vel
386 5489 495 5544 dotem.
524 5481 583 5538 Ηοο
609 5486 730 5543 omnino
755 5491 846 5548 voluit
869 5487 984 5547 'l'ertul-
1060 5505 1092 5544 er
1117 5431 1354 5544 diemiuaernas
1377 5488 1545 5544 accendere.
1574 5490 1655 5556 Quod
1680 5491 1712 5543 ut
1735 5485 1863 5541 dicatum

157 5513 268 5623 finnus.
287 5562 325 5621 lis
341 5565 439 5620 autem
452 5553 558 5640 verbis,
575 5553 617 5622 lit,
639 5558 666 5612 ei
682 5561 913 5634 redemptricem,
929 5579 986 5620 non
1039 5505 1142 5616 Eonori
1158 5558 1314 5616 numinum
1331 5557 1530 5628 profanorum.
1547 5564 1579 5616 ut
1594 5565 1704 5616 nature
1715 5561 1744 5614 et
1759 5556 1866 5613 rationi

159 5636 247 5695 illum
269 5633 357 5692 milli
377 5647 434 5689 ⁶⁸⁸0
456 5643 505 5700 (Μ
525 5624 638 5712 didius.
655 5635 764 5710 ,notam
785 5634 986 5706 interrogandi
1040 5630 1298 5696 contumeliosum,
1315 5630 1442 5703 denique
1461 5635 1494 5687 ot
1516 5630 1634 5704 signum
1659 5629 1725 5687 novi
1740 5628 1866 5700 alicujus

159 5708 284 5766 minime
299 5702 501 5778 apponendam
516 5701 987 5777 quiexistimantialluntur,ete·
1039 5704 1204 5778 lupanaris.
1228 5702 1385 5762 Christiani
1410 5703 1616 5760 abhorrebant.
1642 5703 1790 5776 Septimus
1815 5717 1866 5758 no·

161 5782 225 5840 nim
241 5779 387 5838 commiti
402 5789 466 5850 qua
480 5769 658 5829 antecedunt
673 5790 795 5853 quasque
809 5783 985 5854 sequuntur,
1040 5781 1101 5836 ster
1124 5777 1156 5836 in
1180 5776 1355 5850 Apolcaetieo
1376 5792 1387 5833 .·
1414 5773 1500 5831 «Gur
1522 5775 1569 5832 die
1589 5775 1656 5834 leto
1670 5792 1730 5834 non
1755 5773 1867 5834 laureis
