4156 6194
204 375 262 436 {23
856 374 1122 438 TERTULLlANl
1145 375 1251 442 VITA.
1847 372 1906 434 124

201 523 292 580 quam
309 506 462 563 laetatos
485 507 528 576 ld,
546 507 623 579 quod
648 523 709 564 arv
724 508 794 564 ldus
820 509 942 580 Augusti
956 507 1026 565 anni
1040 507 1068 575 A
1084 525 1140 582 que
1158 513 1186 566 et
1207 508 1361 583 scriptoris
1385 508 1448 566 auls
1472 507 1619 565 diceretur
1633 522 1640 563 :
1654 505 1686 562 st
1708 506 1860 562 surremit
1874 507 1907 562 ia

201 595 319 654 Domini
333 595 496 664 CLXXXtX,
515 611 608 668 usque
630 597 666 653 ad
681 597 698 650 7
713 597 776 654 Kal.
792 598 951 670 Septemb„
968 615 1026 672 quo
1080 598 1169 656 madio
1185 600 1383 671 teimptato,
1400 603 1466 668 eta,
1481 613 1537 654 non
1553 597 1648 654 audes
1670 595 1752 652 umbo
1764 596 1907 668 prophetae

202 685 357 742 defunctus
379 691 434 757 est,
458 686 581 743 totidem
607 692 824 759 computantur.
850 690 941 753 Quem
959 704 1027 744 oum
1081 689 1168 744 illiue.
1187 689 1300 757 Quare?
1314 691 1396 759 Quia,
1411 687 1517 761 inquit,
1530 695 1617 744 tentat
1631 701 1677 742 uos
1689 686 1821 742 Dominus
1835 686 1907 741 Deus

204 775 332 832 Ecclesia
355 775 432 832 inter
454 781 597 850 martyres
620 777 757 843 celebret,
781 781 904 850 oportet,
921 781 954 833 ut
974 777 1027 834 ab·
1080 783 1176 846 uester,
1194 789 1287 835 utrum
1310 778 1438 849 diliqctts
1461 793 1535 844 eum,
1550 794 1587 833 on
1601 791 1666 832 aon.
1690 774 1741 832 llis
1756 773 1847 848 igitur
1862 777 1907 830 tot

202 868 284 921 senta
296 865 359 934 jam
384 868 544 932 antonino,
560 865 667 922 iterum
695 883 746 939 per
769 865 1029 937 pontillcesidolo-
1082 883 1115 923 ac
1149 866 1240 925 tantis
1268 868 1439 940 caterisque
1465 866 1611 940 ejusmodi
1639 863 1905 922 ecclesiasticorum

203 970 269 1010 rum
285 955 408 1010 excitata
432 956 519 1011 luerit
542 959 649 1025 Roma,
663 959 693 1012 et
707 955 842 1012 fortassis
857 974 874 1013 a
898 955 1027 1012 Macrino
1082 955 1282 1029 exemplorum
1309 956 1447 1025 molibus,
1463 955 1612 1013 evidenter
1635 954 1796 1025 advertere,
1810 967 1844 1008 ac
1859 968 1907 1010 se-

203 1043 375 1100 continuata
384 1043 454 1117 ,iqui
480 1043 603 1118 proinde
623 1044 711 1102 etism
727 1049 793 1117 post
807 1061 929 1113 annum,
946 1060 1027 1100 men·
1082 1047 1213 1102 cundum
1236 1045 1453 1103 Deuteronomii
1468 1044 1548 1118 leges
1562 1044 1626 1100 luca
1641 1041 1748 1100 elarius
1762 1041 1908 1116 intellige·

206 1147 268 1188 sem
286 1133 312 1201 1,
328 1132 392 1189 dias
406 1131 528 1206 aliquot,
544 1151 561 1190 a
575 1139 631 1191 Deo
647 1135 723 1190 cade
739 1135 861 1207 punitus
876 1134 931 1206 est)
946 1133 1027 1191 Chri·
1083 1135 1279 1203 rodebamus,
1295 1134 1373 1207 quod
1393 1133 1551 1207 siquando
1567 1132 1674 1205 aliquis
1689 1130 1906 1188 ecclesiasticus

203 1222 368 1277 alienorum
394 1222 567 1296 persecutio,
590 1225 641 1280 sed
666 1224 736 1296 quia
759 1221 861 1280 localis
874 1223 1027 1291 duntaxat,
1083 1224 1224 1297 magister
1247 1223 1434 1293 aberraverit,
1451 1223 1487 1280 ad
1509 1223 1704 1279 tentationem
1729 1224 1859 1278 nostram
1876 1219 1906 1276 id

205 1325 265 1366 non
279 1315 447 1382 computata
461 1310 497 1368 ab
512 1311 671 1369 historicis.
1082 1311 1144 1368 llari
1161 1313 1344 1386 providentia
1357 1312 1456 1370 divina
1475 1311 1616 1386 patiatur,
1632 1315 1732 1368 utrum
1746 1308 1906 1382 diligamus

240 1399 460 1470 Attulerat-
483 1401 527 1457 38.
543 1401 684 1458 Ceterum
707 1402 795 1458 etiam
818 1401 866 1458 hio
887 1400 1026 1473 adiloisn·
1083 1406 1185 1471 Deum,
1202 1419 1248 1460 ¹an
1273 1401 1388 1474 non,in
1411 1405 1471 1459 toto
1500 1402 1586 1474 corde
1611 1405 1640 1458 et
1665 1398 1695 1456 in
1716 1402 1778 1455 tota
1806 1397 1908 1454 anima

204 1487 275 1543 dum
291 1503 342 1559 pro
357 1487 486 1546 historia
501 1491 633 1560 varitate,
649 1492 757 1548 frustra
780 1492 925 1564 quosdam
942 1490 1027 1547 illum
1082 1494 1193 1547 nostra.
1210 1515 1222 1544 s

203 1575 299 1633 denuo
315 1577 351 1634 sd
375 1579 548 1636 catholicam
574 1580 661 1637 lldem
678 1581 789 1638 redisse
812 1580 936 1653 opinari.
952 1581 1027 1637 Nam
1118 1580 1249 1656 §xvllt
1267 1583 1303 1638 lle
1327 1580 1553 1638 Tertullianum.
1580 1610 1615 1621 -
1638 1579 1683 1635 39.
1708 1575 1839 1649 Denique
1856 1591 1906 1631 co·

204 1665 351 1738 imprimis
366 1668 394 1724 id
410 1683 445 1725 ex
463 1674 491 1724 Β.
514 1670 679 1742 Augustino
702 1670 797 1743 colligi
813 1686 871 1727 non
890 1668 1027 1742 possead
1082 1669 1194 1728 ronidis
1207 1669 1279 1741 vice,
1300 1688 1357 1727 noa
1382 1670 1628 1743 praetereundum,
1652 1666 1732 1741 quod
1751 1681 1786 1722 ex
1802 1666 1832 1721 ll.
1847 1666 1906 1721 Au·

204 1772 315 1811 annum
330 1756 439 1814 abhinc
449 1759 611 1816 seeundum
623 1761 818 1816 ostendimus.
827 1759 938 1818 Deinde
952 1759 1029 1817 inter
1082 1763 1160 1832 gust.
1177 1759 1347 1830 didicimus,
1358 1760 1482 1816 durasse
1497 1759 1593 1817 adhuc
1608 1757 1645 1813 ad
1660 1773 1714 1813 sua
1729 1771 1822 1826 usque
1832 1758 1907 1810 tem-

205 1851 349 1918 martyres
379 1847 500 1904 minima
530 1849 763 1920 computandum
793 1866 1027 1921 rsaruamauuu,
1082 1865 1422 1920 porarssrucmsrusrss
1439 1848 1714 1916 hereticos,sttum
1732 1841 1907 1918 primumiu

204 1935 256 1992 sed
278 1933 486 2006 Tertullinum,
502 1954 592 2010 supra
607 1938 637 1994 in
661 1939 734 2011 ipsis
749 1938 889 2011 auspiciis
903 1939 1028 1996 adnota-
1083 1935 1257 1996 catholicam
1287 1938 1446 1996 Ecclesiam
1476 1937 1639 1995 transiisse.
1672 1935 1784 2001 Quibus
1816 1933 1906 1990 etiam

204 2025 301 2081 vimus
323 2023 387 2097 (lib.
411 2025 444 2082 de
467 2027 565 2084 Ponit.
590 2028 622 2083 in
642 2029 717 2085 calce
739 2027 901 2100 Argumentt'
923 2033 950 2086 et
971 2030 1029 2084 saie
1083 2028 1189 2100 magis,
1205 2045 1294 2100 quam
1310 2028 1366 2101 ipsi
1380 2027 1568 2096 Tertulliano,
1588 2041 1743 2082 censemus
1758 2023 1906 2094 imputan-

204 2112 358 2186 quidusqae
372 2114 461 2186 locis).
487 2113 620 2188 Denique
633 2120 661 2172 S.
680 2116 822 2173 Pacianue
838 2117 874 2174 sd
890 2117 1029 2190 Sympro·
1084 2114 1153 2172 dam
1169 2117 1416 2174 absurdissimam
1439 2115 1519 2172 illam
1543 2114 1681 2171 heresim
1697 2129 1753 2186 qua
1770 2110 1907 2168 dicebant

205 2201 327 2258 nianum
356 2208 459 2259 contra
483 2203 661 2262 Navatianos
684 2204 758 2262 nihil
784 2221 836 2278 pro
865 2204 907 2262 eis
936 2205 1028 2264 lacit:
1084 2205 1368 2262 animashominum
1385 2205 1528 2276 pessimas
1543 2199 1908 2276 postmortemindemo·

207 2311 218 2341 ι
237 2289 448 2362 Tertullianus,
463 2292 569 2366 inquit,
585 2299 652 2367 post
675 2295 798 2352 heresin
813 2295 909 2368 (etiam
923 2296 1031 2352 adden·
1084 2309 1138 2350 nas
1160 2295 1299 2362 converti,
1315 2294 1442 2351 maxime
1466 2310 1533 2350 oum
1549 2297 1633 2349 aetate
1656 2290 1784 2364 primum
1808 2291 1906 2360 dugu-

205 2380 277 2436 dum
294 2379 474 2454 censuimus)
485 2386 636 2440 vestsrest
653 2401 659 2441 :
678 2401 744 2441 nam
756 2383 850 2442 malta
865 2384 932 2441 inde
947 2401 1029 2442 eum·

205 2469 319 2543 psistis.
337 2471 435 2541 lpsum
451 2471 580 2543 Epistola
594 2477 697 2542 sua,et
709 2491 744 2531 aa
757 2475 821 2546 ipsa
833 2491 921 2547 quam
933 2475 1031 2531 ostho-

205 2557 282 2616 licus
296 2559 399 2628 edidit,
425 2560 527 2619 audies
548 2563 747 2631 confitentem,
762 2579 848 2636 posse
870 2562 1030 2620 Ecclesiam

206 2653 325 2720 peccata
348 2647 505 2706 dimittere.
523 2673 538 2701 s
559 2649 659 2724 Neque
673 2652 752 2709 enim
774 2651 905 2726 loquitur
919 2653 955 2710 de
969 2653 1029 2726 epi·

207 2735 355 2806 stolam
370 2753 457 2812 quam
475 2743 541 2812 post
554 2740 700 2811 heresim,
711 2743 761 2799 aad
778 2759 867 2815 quam
883 2747 969 2800 antea
981 2743 1030 2800 ad·

207 2823 265 2882 huc
280 2826 442 2884 catholicus
461 2829 602 2896 ediderat,
622 2847 727 2904 nempe
741 2830 792 2889 lib.
803 2833 836 2889 de
850 2835 1029 2902 Paenitentia,

207 2929 242 2969 ex
256 2929 315 2985 quo
324 2914 722 2993 multaipsumdescripsisse
733 2921 803 2977 alibi
814 2921 1029 2981 adnotavimus.

205 3005 287 3058 Certo
302 3003 327 3059 ei
343 3004 383 3059 ita
398 3005 542 3062 creditam
568 3007 682 3076 luisset,
699 3025 758 3066 non
774 3014 925 3083 tantopere
939 3011 1029 3067 hare·

1085 2381 1154 2439 stlai
1169 2387 1236 2455 post
1258 2383 1428 2440 Donatistae
1451 2381 1705 2439 etlovinianistas
1728 2377 1908 2436 collocentur

1084 2471 1320 2542 Tertullianistre,
1335 2471 1386 2545 qui
1401 2471 1430 2529 id
1446 2471 1603 2541 senserint,
1618 2475 1681 2526 tum
1697 2469 1734 2527 ab
1749 2468 1824 2542 ipso,
1840 2471 1906 2522 tum

1084 2561 1145 2618 aS.
1172 2561 1294 2630 isidoro,
1318 2561 1446 2618 Honorio
1468 2558 1739 2632 augustodunensi,
1765 2555 1907 2613 Rhabaao

1084 2655 1113 2707 et
1134 2651 1272 2708 Gratiano
1297 2652 1326 2707 in
1351 2649 1494 2722 catalogis
1519 2649 1720 2706 hereticorum
1737 2663 1745 2704 ι
1762 2668 1777 2700 a
1791 2644 1907 2702 Tertul-

1083 2738 1208 2797 lianista
1224 2739 1332 2813 (inquit
1345 2739 1394 2796 ille
1415 2740 1450 2796 ad
1466 2738 1711 2808 Quodvultdeum,
1727 2736 1778 2793 lib.
1794 2735 1826 2793 de
1843 2739 1907 2792 liae-

1085 2831 1150 2903 res.)
1164 2847 1182 2886 a
1194 2828 1384 2898 Tertulliano,
1398 2829 1485 2902 cujus
1504 2827 1642 2902 leguntur
1656 2824 1799 2900 opuscula
1813 2822 1909 2880 multa

1084 2919 1325 2992 eloquentissime
1339 2917 1459 2990 scripta,
1480 2915 1624 2990 usquead
1640 2919 1773 2973 nostrum
1789 2918 1907 2985 tempus

1085 3007 1226 3082 paulatim
1249 3007 1427 3076 deficientes,
1440 3006 1470 3062 ln
1491 3004 1629 3063 extremis
1653 3003 1786 3078 reliquiis
1800 3001 1907 3058 durare

207 3090 262 3148 sim
278 3090 368 3165 hujus
392 3094 461 3151 boni
478 3095 532 3152 viri
554 3097 737 3169 deplorasset
751 3103 780 3156 Β.
794 3098 967 3157 Vincentius
982 3100 1031 3156 ci·
1085 3114 1143 3155 noa
1160 3101 1317 3170 potuerunt
1331 3097 1385 3171 (sic
1400 3096 1478 3154 enim
1494 3093 1686 3168 castigamus)
1702 3093 1732 3150 io
1749 3092 1820 3150 urba
1834 3090 1906 3148 Cer·

206 3179 343 3249 rineueis,
355 3183 440 3254 cujus
456 3186 571 3242 interim
585 3188 673 3243 verba
686 3187 810 3244 antidoti
824 3189 899 3255 loeo,
915 3205 951 3246 ne
964 3189 1030 3261 quie
1083 3185 1272 3260 thaginlensi.
1289 3185 1334 3242 lde
1347 3185 1425 3242 enim
1436 3184 1476 3241 ibi
1491 3183 1585 3258 posito
1597 3187 1664 3240 ante
1677 3181 1787 3256 aliquot
1801 3195 1905 3250 annos,

207 3269 279 3326 sorte
303 3285 338 3327 ex
361 3288 393 3328 eo
422 3273 647 3343 scandalizetur,
674 3277 810 3334 addenda
838 3279 1005 3350 putavimus
1021 3295 1028 3336 ε
1044 3267 1066 3330 C
1084 3276 1161 3347 quod
1178 3276 1267 3331 etiam
1283 3281 1311 3330 te
1333 3273 1503 3332 meminisse
1526 3272 1663 3340 arbitror,
1679 3271 1760 3329 omni
1775 3286 1809 3327 ex
1824 3273 1907 3344 parte

209 3357 305 3414 «Fuit
318 3359 373 3415 iste
387 3376 505 3432 quoque
520 3361 666 3433 (alludens
682 3365 718 3420 ad
733 3365 897 3439 Origenem,
912 3367 948 3422 de
970 3382 1028 3438 quo
1083 3363 1248 3436 consumpti
1278 3367 1357 3420 sunt.
1384 3363 1559 3419 Peuciesimi
1591 3361 1680 3418 etiam
1708 3359 1761 3434 qui
1787 3375 1906 3416 reman-

207 3444 317 3503 eimilia
331 3447 496 3521 scripserat,
508 3451 558 3522 qui
574 3467 591 3508 e
605 3451 661 3509 dne
676 3453 793 3526 imperii
809 3455 907 3512 Severi
922 3454 958 3532 ad
976 3461 1029 3512 De·
1083 3457 1197 3525 seruat,
1210 3453 1240 3509 io
1263 3452 1437 3510 catholicam
1452 3452 1652 3522 transierunt,
1669 3465 1811 3524 suamque
1826 3447 1908 3504 basi-

207 3535 286 3592 oiom
298 3551 391 3610 usque
404 3538 575 3612 supervixit)
587 3541 616 3597 in
632 3542 761 3600 Ecclesia
773 3561 881 3618 magns
895 3545 1028 3602 tentatio.
1083 3542 1182 3612 licam,
1199 3558 1262 3617 qua
1287 3559 1366 3601 nono
1390 3543 1480 3600 etiam
1505 3541 1659 3598 notissima
1682 3547 1736 3612 est,
1757 3537 1908 3594 catholicae

208 3623 264 3681 Sed
280 3623 316 3681 de
330 3625 384 3682 hoc
400 3625 467 3683 nolo
481 3627 567 3700 plura
580 3629 676 3689 dicere
686 3649 693 3688 ι
705 3632 760 3690 hoo
774 3638 890 3692 tantum
906 3651 1031 3692 comme·
1084 3631 1281 3690 tradiderunt.
1298 3657 1310 3687 s
1329 3632 1409 3698 Quod
1425 3631 1539 3690 utinam
1555 3629 1672 3687 illorum
1688 3626 1831 3702 exemplo,
1844 3627 1907 3698 iam

208 3714 339 3779 morabo,
355 3715 433 3787 quod
450 3724 550 3776 contra
563 3719 650 3778 Masis
665 3727 854 3796 preceptum,
869 3739 1031 3797 exsurges·
1087 3740 1204 3798 quoque
1229 3723 1260 3780 in
1285 3727 1386 3781 nostro
1416 3720 1514 3798 Belgio
1537 3720 1593 3794 (10)
1609 3719 1777 3778 fatiscentes
1801 3721 1909 3774 nostra

207 3804 253 3858 tes
267 3801 298 3858 in
321 3803 448 3862 Ecclesia
473 3808 602 3867 novellas
628 3811 758 3870 Montani
772 3807 908 3871 lurias'et
928 3813 1033 3871 insana
1086 3814 1272 3887 tempestatis
1294 3810 1434 3885 haretici,
1459 3811 1629 3884 propediem
1653 3807 1771 3876 iaciant,
1788 3810 1845 3863 lieo
1861 3821 1911 3863 su·

208 3889 442 3952 illainssnarum
464 3896 621 3957 muliorum
636 3901 738 3960 novitii
756 3903 903 3976 dogmatis
917 3903 1035 3960 somnia
1085 3902 1218 3972 xillante,
1242 3902 1289 3960 cui
1303 3902 1407 3973 honor,
1432 3903 1563 3974 potestas
1584 3903 1612 3957 et
1634 3897 1737 3972 glorie,
1752 3897 1782 3956 in
1804 3895 1912 3955 secula

208 3995 291 4040 seras
305 3983 475 4058 prophetiae
488 3990 693 4060 asseverando,
710 3992 818 4050 meruit
832 3995 865 4052 ot
878 3993 914 4050 de
924 4008 1035 4066 sequo-
1089 3991 1273 4050 seculorum.
1288 3993 1392 4050 Amen.

247 4123 304 4200 (10)
318 4125 384 4184 Hae
408 4129 444 4186 de
469 4130 572 4190 coevis
587 4136 617 4190 st
637 4133 806 4194 ooaolvihus
830 4135 898 4210 pius
918 4136 1032 4210 presul.

213 4281 1909 4316 *mmm-..m

648 4442 1030 4610 TERTYLlANl
1090 4442 1173 4554 JC.
1235 4439 1482 4552 ROMle

456 4631 699 4711 ausrousa
724 4637 836 4725 oum
861 4639 912 4715 uu
938 4638 1094 4716 murus
1120 4634 1430 4715 urausuoauu
1455 4631 1686 4710 ausuum.

788 4821 835 4879 EX
855 4819 924 4879 LlB.
945 4822 957 4880 1
976 4820 1221 4888 QUAESTIONUM
1241 4819 1345 4880 OGTO.

217 5082 363 5154 D·1¹²'b·¹‚
387 5091 432 5144 tu.
456 5089 484 5160 3,
509 5093 547 5149 lle
573 5093 634 5166 Lep.
658 5097 830 5172 sanctusque
851 5117 924 5158 eoae.
950 5101 970 5157 t.
993 5101 1039 5158 at.
1096 5100 1277 5172 instituatur,
1292 5102 1322 5156 et
1342 5101 1502 5168 antequem
1523 5093 1609 5166 jussu
1626 5089 1737 5148 domini
1752 5087 1839 5146 adeat
1860 5086 1921 5145 he-

253 5173 331 5242 ldeo,
348 5175 416 5248 qaia
430 5174 611 5252 antiquiores
622 5184 700 5257 leges
715 5187 750 5243 ad
760 5189 937 5260 posteriores
951 5187 1039 5257 trahi,
1095 5190 1262 5256 reditatem,
1278 5185 1480 5246 manumissus
1500 5182 1704 5253 alienatusque
1727 5177 1775 5246 eit,
1791 5180 1820 5235 et
1843 5177 1919 5233 nihil

217 5260 359 5320 usitatum
386 5271 431 5324 est
458 5285 585 5344 semper,
614 5274 698 5345 quasi
723 5274 778 5332 hoo
802 5274 916 5349 legibus
943 5277 1041 5334 inesse
1095 5278 1125 5334 in
1150 5278 1283 5335 fraudem
1306 5274 1378 5348 legis
1405 5273 1514 5330 lactum
1540 5269 1589 5336 sit,
1605 5269 1668 5342 ipss
1696 5267 1865 5326 admittitur
1882 5265 1921 5322 ad

217 5351 297 5406 credi
320 5360 444 5427 oportet,
461 5364 494 5414 ut
521 5360 557 5416 ad
586 5377 769 5435 easquoque
796 5381 937 5438 personas
961 5366 1041 5423 etad
1096 5366 1307 5423 hereditatam.
1337 5363 1393 5420 Sed
1421 5365 1451 5417 et
1478 5357 1504 5416 si
1532 5361 1645 5430 partem
1672 5372 1776 5430 capere
1802 5358 1921 5412 tantam

217 5454 327 5498 eaeres
342 5445 516 5516 pertineant,
532 5451 789 5523 quaquaudoque
815 5452 928 5510 similes
944 5458 1040 5512 erunt.
1096 5453 1190 5528 possit
1225 5452 1364 5510 dominus
1393 5449 1468 5521 ejus,
1495 5448 1597 5504 eadem
1631 5445 1756 5503 dicenda
1783 5447 1855 5501 suut
1884 5443 1922 5500 de

220 5547 269 5611 st
285 5548 316 5606 o.
331 5550 393 5608 au.
407 5550 454 5636 ao,
475 5555 520 5609 so.
544 5555 570 5620 a,
586 5555 624 5611 oe
638 5558 744 5630 acque.
761 5559 802 5615 vu
816 5561 907 5617 amesa
923 5561 1041 5636 aeras,
1096 5548 1287 5617 esttecum
1315 5538 1365 5596 sua
1392 5553 1496 5610 aspere
1520 5553 1578 5593 non
1608 5538 1713 5609 potest.
1738 5532 1816 5592 Nihil
1840 5531 1920 5590 enim

406 5622 455 5681 leb,
471 5623 616 5699 82.·justc
629 5627 684 5686 tlt.
698 5627 757 5688 cod.
773 5630 856 5689 Bcld.
1096 5633 1228 5699 interest,
1244 5631 1280 5688 da
1304 5627 1440 5687 universo
1461 5629 1609 5702 quaretur
1631 5624 1710 5698 qood
1733 5639 1838 5698 capere
1860 5637 1921 5678 noa

255 5719 286 5779 Si
310 5731 412 5778 servus
435 5715 501 5790 ejus
527 5714 579 5788 qui
607 5731 710 5792 eapere
736 5735 796 5779 non
823 5724 928 5795 potest,
948 5721 1042 5783 heras
1096 5720 1199 5796 possit,
1214 5719 1457 5794 audeportioae.
