4068 6186
121 312 170 372 tot
713 310 765 370 Ab
788 305 1000 370 NthONES.
1017 339 1055 350 -
1072 303 1143 366 tle.
1167 305 1206 366 ll.
1752 300 1811 363 602

117 441 169 498 beo
181 435 366 512 philosophia
379 438 621 513 deprehenditur,
634 453 719 512 quam
730 438 842 512 potuit.
856 480 863 494 .
882 479 889 494 .
907 477 926 494 ..
940 439 968 508 Α
982 434 1176 509 neqoellnam
1185 432 1232 492 sui
1243 432 1354 506 patitur
1365 429 1652 506 :quomodoquidam
1660 429 1811 504 assignant

116 527 526 602 reejua,qnemoanllqnido
560 528 678 586 tenebat
705 525 928 586 determinare?
983 522 1316 598 elementis,qusedeos
1342 521 1454 592 volunt,
1485 520 1715 596 generationem,
1741 536 1809 578 cum

116 618 368 676 llemundo....
399 618 636 685 dicimus,lluno
665 617 743 674 enim
773 617 928 692 physicum
982 615 1067 672 stoici
1083 619 1189 686 negent
1203 613 1360 687 quiequam
1376 611 1433 670 lieo
1445 611 1646 681 nasoi‘lltam,
1663 609 1809 684 quomodo

121 707 264 780 theologie
277 722 371 780 genus
386 711 495 781 cogunt
506 723 545 780 :q
562 748 569 763 .
587 749 594 764 .
611 749 621 763 .
640 747 646 764 .
668 748 675 764 .
693 711 723 763 ta
736 705 807 763 deos
834 705 927 763 tradi·
981 702 1094 777 volunt,
1106 719 1181 777 quos
1192 702 1391 760 destamentis
1402 705 1488 759 natos
1500 698 1807 769 ierunt,daoshaheri,

115 797 217 866 derunt,
235 799 266 852 ut
286 795 442 870 Dionysius
470 795 582 854 aloinus
602 793 744 853 trifariam
771 795 840 852 deos
855 793 928 850 divi·
984 809 1051 850 oum
1068 793 1162 850 Deum
1178 794 1284 866 negent
1299 791 1407 850 nasei?
1421 791 1608 866 ltaquequod
1624 789 1728 846 muudi
1742 788 1808 859 erit,

114 885 166 954 dat,
182 901 279 958 unam,
295 885 359 942 vult
373 885 513 960 speeiem,
530 903 592 958 qum
611 884 641 940 iu
658 887 797 958 promptu
814 883 864 948 sit,
882 886 925 951 ut,
982 881 1037 939 hoo
1050 880 1205 939 elementis
1220 881 1394 953 ascribetur,
1420 880 1491 939 ooelo
1519 880 1584 937 diuo
1611 883 1641 936 et
1667 883 1751 936 terre
1779 879 1809 936 at

112 973 203 1041 solem,
218 973 338 1031 lunam.
352 1013 359 1030 .
373 1015 380 1030 .
395 1015 402 1031 .
420 1015 428 1032 .
443 974 544 1032 oliam.
560 990 625 1048 que
645 990 702 1030 non
719 975 929 1046 rumperentut
982 971 1168 1030 sideribuset
1176 970 1431 1044 igni,quesdeoset
1440 972 1562 1027 deorum
1568 967 1808 1042 paranteaadvar·

113 1063 279 1137 Neptunum,
295 1063 449 1136 reliquam,
465 1080 530 1136 que
551 1064 587 1120 de
602 1062 772 1120 hominibus
788 1061 823 1118 ad
854 1059 926 1118 divi·
981 1077 1032 1117 sus
1049 1063 1184 1132 negatam
1195 1057 1415 1134 generationem
1430 1057 1480 1116 Dei
1496 1062 1524 1115 at
1538 1057 1722 1116 nativitatem
1746 1054 1807 1112 iru-

112 1151 223 1210 oitatum
238 1151 385 1210 transisse
399 1151 518 1223 dieitur,
534 1155 567 1208 ut
593 1149 758 1224 Herculem,
783 1149 926 1224 Amphia·
980 1153 1042 1207 atra
1056 1149 1136 1206 cradi
1150 1147 1305 1224 proposuit
1318 1148 1418 1205 Varro.
1430 1147 1465 1204 lit
1474 1147 1525 1220 qui
1533 1147 1620 1206 Varro
1628 1144 1809 1202 indicaverat

112 1255 193 1296 reum
204 1239 294 1314 AEque
307 1239 474 1298 Aroesilaus
489 1239 599 1296 trinam
614 1239 739 1296 termam
763 1236 925 1295 divinitatio
979 1236 1121 1294 animalia
1135 1252 1199 1294 esse
1211 1234 1317 1292 roelum
1329 1239 1358 1292 et
1369 1239 1459 1293 astra.
1470 1235 1585 1300 Quodsi
1596 1234 1701 1303 itaest,
1717 1231 1806 1292 etiem

111 1328 189 1398 ducit,
204 1329 366 1403 Olympios,
382 1331 479 1397 Astra,
495 1327 650 1398 titaneos,
666 1327 702 1384 de
714 1325 792 1386 Coelo
807 1330 835 1382 at
851 1327 924 1382 Ter·
980 1323 1116 1382 mortalia
1130 1325 1302 1382 sintneesse
1315 1327 1371 1396 eat,
1386 1323 1549 1382 seeundum
1577 1321 1717 1381 animalis
1746 1321 1804 1378 ior-

110 1435 147 1486 ra,
160 1434 192 1474 ex
205 1417 263 1489 his,
278 1418 405 1475 Saturno
419 1421 448 1474 et
464 1421 535 1490 Ope,
565 1416 745 1490 Neptunum,
773 1416 873 1474 Jovem
897 1419 926 1472 et
978 1430 1076 1484 mam;
1093 1431 1162 1470 nam
1177 1413 1235 1470 atei
1250 1412 1448 1470 immortalem
1465 1415 1581 1469 oonstat
1591 1412 1732 1479 unimam,
1747 1409 1806 1484 ipal

111 1506 204 1564 Oreum
224 1511 254 1564 et
267 1510 403 1564 aeteram
419 1506 649 1564 sueoessionem.
660 1505 838 1562 Xenocrates
852 1506 924 1562 Aea·
977 1503 1032 1560 hoo
1046 1502 1102 1559 soll
1113 1501 1224 1576 lioebit,
1242 1518 1302 1560 non
1317 1502 1407 1559 etiam
1421 1501 1465 1558 illi
1475 1501 1523 1560 oui
1533 1501 1710 1572 adnaotitur,
1721 1500 1751 1558 id
1760 1501 1805 1557 est
1921 1547 1927 1558 .

113 1597 234 1654 deminus
250 1595 387 1652 bilariam
402 1595 472 1652 lauit
487 1594 636 1669 Olympios
665 1598 694 1652 at
709 1593 853 1664 Titanios,
873 1593 924 1666 qui
977 1591 1102 1667 eorpori.
1119 1591 1209 1650 Nemo
1226 1596 1326 1652 eutem
1344 1591 1464 1666 negabit
1479 1590 1603 1648 mortale
1618 1607 1726 1664 corpus
1739 1605 1804 1648 esse

112 1685 228 1742 detineto
242 1689 274 1742 at
301 1685 401 1744 Tarra.
420 1684 623 1760 AEgyptiorum
646 1682 778 1757 plerique
798 1687 926 1758 quatuor
978 1698 1046 1740 uum
1062 1685 1091 1738 et
1100 1680 1307 1754 contingemus
1319 1684 1388 1739 aaet
1402 1681 1610 1754 contingamur
1619 1678 1714 1746 abeis,
1725 1681 1805 1736 certa

111 1775 170 1832 deos
183 1775 316 1844 eradunt,
333 1773 430 1832 Solem
445 1779 474 1830 et
487 1779 610 1845 harnam,
626 1772 738 1830 Caelum
753 1771 922 1830 ao'l'erram.
978 1787 1101 1844 oorpora
1114 1787 1149 1828 ex
1163 1769 1222 1827 illia
1235 1769 1368 1828 deoidere
1376 1769 1539 1827 videamus.
1550 1766 1804 1843 lirgosianimalia

110 1864 172 1918 Cum
185 1861 297 1936 reliquo
307 1862 369 1936 igni
385 1878 514 1936 superno
536 1863 606 1918 daea
634 1863 712 1918 ortos
741 1860 923 1918 Demooritus
978 1859 1370 1932 depositarationeanimre,
1393 1875 1452 1932 qua
1476 1875 1633 1932 eorporum
1661 1857 1802 1926 conditio,

110 1951 276 2024 suspiratur,
288 1951 480 2026 eujuainstar
495 1949 556 2010 vult
579 1967 644 2008 essa
670 1953 805 2008 naturam
835 1951 922 2008 Zeno.
939 1949 1123 2050 Bmortalia,
1138 1966 1198 2007 non
1213 1949 1325 2022 utique,
1341 1948 1382 2007 dii
1393 1948 1546 2006 elementa.
1567 1949 1705 2005 bitumen
1724 1946 1803 2004 uude

113 2039 183 2098 Unde
197 2046 226 2098 et
239 2045 334 2098 Varro
350 2039 450 2116 ignem
466 2041 568 2098 mundi
581 2038 714 2098 animum
729 2039 808 2112 lauit,
829 2043 861 2095 ut
875 2055 925 2112 pe·
981 2037 1183 2112 animalium)
1197 2037 1320 2096 Va'rroni
1332 2037 1468 2094 videntur
1477 2035 1645 2094 elementa?
1658 2035 1804 2104 Quonima

118 2129 191 2186 riade
204 2131 234 2187 in
249 2130 363 2189 muodo
378 2129 457 2204 ignia
470 2129 571 2187 omnia
593 2129 748 2204 gubernet,
772 2127 851 2186 siout
864 2126 929 2186 uni·
984 2132 1145 2186 moventur.
1158 2131 1200 2186 ho
1214 2145 1251 2184 oe
1264 2143 1299 2186 ex
1312 2127 1426 2186 diverso
1437 2130 1628 2202 proponatur,
1639 2124 1733 2182 multa
1747 2125 1806 2184 alia

121 2235 179 2276 mua
191 2219 220 2275 in
241 2220 339 2277 nohis.
363 2219 453 2292 Atqui
482 2219 652 2277 vanissimo.
676 2223 751 2276 ham
778 2234 846 2275 oum
874 2223 929 2276 ast.
984 2219 1105 2292 moveri,
1121 2222 1253 2288 utrotao,
1269 2225 1302 2275 ut
1317 2218 1458 2292 plaustra,
1472 2221 1506 2276 ut
1518 2217 1672 2274 machinae
1687 2219 1807 2275 aeterna

120 2306 256 2380 inanitio
274 2308 372 2379 nobis,
396 2307 454 2382 ipsi
467 2323 593 2377 sumus;
619 2322 686 2364 oum
710 2304 798 2363 exivit
825 2303 931 2362 emori·
985 2307 1063 2366 ultro
1079 2307 1218 2383 prevenit
1227 2308 1339 2377 dioens,
1354 2324 1387 2366 eo
1415 2305 1556 2364 animalia
1581 2306 1703 2375 eredita,
1730 2307 1809 2380 quod

120 2412 187 2453 mur.
201 2397 276 2470 llrgo
287 2401 316 2454 et
329 2397 407 2470 ignia
421 2413 489 2454 oum
499 2396 535 2454 do
546 2396 657 2454 mundo
671 2411 724 2469 per
739 2393 855 2468 lulgura
863 2410 931 2467 pro·
986 2415 1039 2473 per
1052 2397 1213 2471 semetipse
1221 2403 1418 2466 moverentur,
1434 2395 1705 2453 nulloextrinseoua
1719 2411 1813 2469 appa-

121 2483 264 2558 delaoitur,
281 2486 413 2544 mundus
426 2485 579 2543 emoritur.
987 2491 1069 2545 rente
1085 2490 1227 2544 motatore
1241 2501 1344 2544 aarum
1359 2490 1411 2542 aut
1426 2485 1581 2556 minatore,
1598 2484 1673 2543 siout
1695 2487 1814 2558 apparet

148 2575 173 2630 3.
188 2575 235 2632 llis
249 2577 296 2632 ita
310 2573 453 2648 expeditis
460 2575 528 2648 (78),
540 2573 674 2631 videmus
685 2570 841 2648 physicum
853 2571 932 2628 iatud
988 2575 1139 2650 quirotam
1154 2571 1632 2648 compellit,etplauatravolvit,et
1642 2571 1813 2630 machinam

120 2661 150 2719 ad
164 2662 214 2722 hoo
226 2664 435 2736 subornatum,
450 2666 483 2720 ut
497 2663 567 2721 deos
593 2660 738 2719 elementa
766 2660 934 2726 contendet,
988 2667 1144 2738 temperat.
1161 2663 1254 2738 lgitur
1268 2662 1326 2721 niai
1340 2661 1490 2732 animalia,
1507 2662 1694 2720 nonmobilia
1707 2679 1760 2736 per
1769 2678 1814 2721 aa.

120 2751 232 2810 rumbis
245 2752 339 2810 etiam
354 2752 427 2810 alios
442 2752 512 2810 deos
527 2755 613 2808 natos
631 2749 739 2822 allegat
754 2765 761 2805 :
778 2748 828 2805 Dei
856 2748 935 2805 enim
989 2755 1079 2812 Porro
1095 2753 1237 2829 allegans,
1253 2753 1325 2828 quid
1341 2768 1399 2810 non
1415 2757 1566 2826 appareat,
1586 2751 1717 2810 ostendit
1745 2751 1816 2824 quid

121 2840 226 2898 nonnisi
238 2843 278 2900 de
301 2841 364 2900 deis
380 2845 579 2900 nascerentur.
592 2839 818 2912 Quaequoniam
834 2839 863 2894 in
877 2854 938 2909 rup-
990 2843 1131 2916 qaasiase
1144 2843 1296 2913 debuerat,
1312 2840 1342 2899 id
1352 2841 1418 2914 laet,
1448 2841 1590 2898 artificem
1615 2845 1644 2900 et
1672 2839 1816 2898 arbitrum

129 2929 198 2988 thim
211 2932 291 3006 apud
306 2935 407 3005 poetas
421 2929 539 3003 plenius
553 2945 606 2986 suo
619 2927 682 2986 loco
690 2927 935 2996 examinabimus,
991 2935 1107 3000 motus;
1124 2929 1303 3003 nequeenim
1319 2929 1419 2988 statim
1435 2946 1493 2988 non
1509 2935 1562 3000 est,
1576 2930 1666 3004 quod,
1678 2930 1816 3003 quianon

123 3019 297 3092 tamenquod
306 3019 421 3093 deipsis
429 3017 547 3076 interim
557 3017 776 3075 retraetandum
787 3021 846 3086 est;
859 3015 937 3088 quod
991 3021 1138 3090 videmus,
1154 3038 1213 3078 non
1228 3019 1377 3078 oredimus
1388 3036 1463 3078 ease.
1481 3019 1584 3077 lmoeo
1597 3017 1816 3077 altiusinveati·

127 3106 159 3162 ad
169 3112 338 3181 presentem
353 3109 482 3182 speeiem
498 3108 576 3177 lacit,
592 3105 683 3164 simul
698 3109 728 3162 et
745 3106 781 3163 da
801 3103 938 3180 presenti
991 3109 1123 3182 gendum
1136 3113 1193 3179 eat,
1209 3109 1287 3182 qued
1302 3125 1361 3167 non
1375 3109 1520 3178 videatur,
1535 3113 1568 3166 ut
1587 3109 1666 3182 quod
1684 3107 1818 3166 videatur

122 3195 208 3267 speeie
221 3197 257 3253 ad
275 3197 358 3270 ipsos
361 3237 469 3254 .....
485 3213 522 3254 an
547 3195 694 3254 ostensuri
722 3210 839 3265 sumus,
868 3193 938 3251 daos
993 3197 1080 3272 quale
1094 3197 1133 3256 ait
1146 3197 1222 3257 seire
1232 3198 1393 3272 possimus.
1408 3197 1548 3272 Alioquin
1576 3198 1602 3255 ai
1631 3201 1748 3256 tantum
1773 3214 1817 3266 ea,

122 3282 194 3341 nullo
209 3285 298 3343 motio
324 3285 418 3346 videri
446 3301 532 3359 posse
559 3284 611 3357 qul
636 3286 671 3341 de
697 3282 850 3340 elementis
877 3280 939 3339 nati
994 3304 1059 3362 que
1075 3290 1256 3360 comparent,
1273 3286 1399 3344 delesse
1414 3287 1585 3356 creduntur,
1611 3286 1682 3360 quia
1703 3302 1820 3360 eompa-

125 3372 266 3444 dieuntur,
285 3379 318 3431 ut
332 3375 397 3447 jam
412 3375 482 3432 hino
497 3373 722 3448 preludioalum
738 3372 787 3445 sit,
802 3370 939 3429 deoeele·
994 3380 1072 3444 rent,
1083 3376 1231 3450 quomodo
1243 3375 1313 3434 deos
1328 3375 1416 3434 etiam
1445 3391 1496 3433 eos
1523 3375 1654 3450 raolpitia
1683 3374 1735 3450 qui
1762 3391 1820 3433 non

122 3465 210 3520 manta
224 3479 286 3521 oon
302 3479 377 3529 ease,
394 3480 463 3521 oum
479 3462 530 3536 qui
545 3462 581 3519 de
595 3461 749 3519 elementia
764 3461 824 3518 nati
835 3461 939 3518 dicun·
954 3513 976 3582 c
995 3468 1167 3538 eomparent
1177 3464 1191 3520 ‘l
1203 3463 1233 3521 Si
1248 3468 1348 3522 autem
1372 3464 1508 3522 videntur
1520 3481 1586 3522 asae
1600 3463 1652 3537 qui
1666 3480 1724 3522 non
1740 3467 1820 3534 sunt,

121 3553 171 3616 tur,
187 3553 233 3610 llei
247 3569 309 3610 uon
326 3557 411 3610 sunt:
423 3569 506 3626 reque
519 3552 762 3619 demonstrando,
790 3554 854 3607 orta
868 3551 939 3608 deos
995 3571 1048 3612 our
1062 3569 1119 3611 non
1134 3552 1195 3611 sint
1209 3557 1239 3610 et
1253 3553 1303 3626 qui
1318 3570 1378 3611 non
1391 3553 1553 3612 videntur?
1569 3554 1739 3612 Motatorem
1755 3553 1820 3610 diuo

121 3641 292 3711 ooaesae,ad
303 3640 383 3699 illam
394 3644 569 3715 agnatorum
584 3641 713 3713 apeaiem
724 3643 940 3712 prestruemus
994 3641 1157 3700 ooelestium
1168 3659 1278 3700 rerum.
1291 3643 1428 3718 Sintergo
1438 3645 1468 3700 et
1478 3641 1629 3714 animalia,
1644 3641 1821 3715 quiamobi-

122 3735 256 3790 reotenon
272 3747 340 3790 asae
354 3732 485 3800 delendi,
506 3747 633 3804 quorum
663 3733 809 3804 parentes,
837 3731 866 3786 id
895 3733 941 3787 est
994 3732 1260 3806 liuperae,etium
1283 3730 1405 3790 mobilia
1431 3748 1484 3804 per
1507 3748 1549 3800 aa,
1586 3733 1658 3807 qula
1680 3746 1740 3790 nou
1767 3747 1820 3805 par

122 3816 253 3878 elementa
268 3820 319 3878 dei
332 3837 391 3879 non
407 3824 487 3878 nunt.
503 3820 628 3887 Solium,
643 3819 730 3876 deum
746 3834 761 3876 e
781 3819 834 3876 deo
846 3817 939 3887 nasei,
993 3821 1085 3880 aliurn
1101 3838 1109 3892 3
1124 3825 1224 3878 tamon
1241 3819 1291 3878 illa
1305 3837 1364 3878 non
1379 3821 1480 3878 statim
1495 3821 1557 3891 Dei,
1578 3821 1648 3894 quia
1666 3819 1818 3890 animalia,

123 3910 366 3979 quemadmodum
380 3911 417 3968 da
432 3927 490 3968 non
505 3910 560 3968 deo
574 3925 633 3966 oon
647 3909 746 3968 deum.
757 3907 847 3982 lgitur
861 3908 939 3981 quod
994 3909 1036 3968 ita
1048 3926 1101 3966 neo
1115 3910 1191 3980 ideo,
1202 3910 1271 3983 quie
1284 3925 1337 3984 per
1351 3925 1383 3968 sa
1404 3909 1544 3979 mobilia,
1560 3914 1612 3967 aut
1640 3909 1711 3984 quid
1738 3911 1819 3968 vetat

123 3993 258 4058 elementa
273 3997 640 4068 contineatmundusiste,
651 3996 940 4054 utsummalitertra·
995 3999 1289 4071 universaauimalia,
1307 4003 1340 4058 ut
1354 3999 1474 4057 mobilia
1489 4016 1541 4074 per
1558 4017 1601 4072 se,
1629 4000 1699 4057 daos
1726 3999 1818 4060 habe·

123 4088 234 4146 obmde
251 4087 457 4160 universitate,
465 4087 600 4161 partibus
612 4085 677 4158 ejus
687 4084 939 4160 preministrana·,
994 4088 1043 4146 rii
1060 4129 1066 4146 .
1081 4131 1087 4146 .
1105 4130 1113 4146 .
1133 4086 1195 4146 .lia
1209 4105 1280 4146 eane
1295 4089 1425 4146 vanitate
1438 4089 1582 4163 AEgyptiis
1597 4087 1675 4146 lieet.

122 4189 184 4232 nam
197 4193 261 4250 qua
279 4177 409 4236 oonditio
419 4177 496 4250 dua,
512 4177 614 4234 eadam
631 4176 734 4248 utique
752 4174 809 4233 erit
823 4178 853 4232 et
880 4171 941 4233 ele·
1030 4179 1057 4234 d.
1072 4177 1295 4250 Aiuntquidam
1309 4181 1464 4253 propterea
1472 4175 1818 4250 deosiuisseappellatoa,

122 4269 280 4324 mentorum
296 4270 326 4324 at
339 4266 552 4336 membrorum,
562 4263 773 4338 autebaliquo
786 4263 941 4321 institutus
995 4267 1074 4340 quod
1086 4265 1154 4330 etrvv
1171 4269 1200 4324 at
1214 4265 1341 4337 σείεσθαι,
1355 4281 1574 4338 procurreraao
1603 4264 1709 4322 motari
1733 4264 1823 4322 inter·

122 4352 143 4408 sl
157 4371 273 4414 neeesse
289 4359 345 4425 est,
355 4373 413 4429 qua
426 4354 557 4413 Platonis
573 4353 755 4426 humanitas,
766 4355 844 4411 aute
859 4351 941 4409 nullo
995 4355 1122 4430 pretatio
1136 4358 1188 4414 est.
1205 4355 1281 4412 Sane
1292 4356 1468 4413 vocabulum
1479 4354 1561 4412 istud
1573 4371 1631 4412 non
1643 4351 1822 4426 eatalioujua

122 4457 173 4514 qua
186 4444 307 4520 lipiaurl
317 4445 438 4503 duritia.
454 4445 490 4502 lit
511 4443 537 4502 ai
565 4441 704 4500 iustistus
731 4446 786 4512 eat,
806 4439 941 4499 habendo
996 4442 1182 4517 mejestatis3
1197 4459 1215 4500 a
1230 4459 1319 4501 eursu
1335 4443 1414 4501 enim
1430 4446 1563 4513 etmotu,
1579 4459 1639 4500 non
1654 4443 1691 4502 ab
1716 4441 1824 4500 divini·

121 4528 240 4604 initium,
257 4533 382 4592 habebit
396 4537 425 4591 at
439 4533 540 4603 onem,
552 4531 593 4589 ita
608 4531 686 4604 quod
701 4529 861 4603 aliquando
884 4546 943 4587 non
960 4561 966 4572 ·
995 4532 1068 4594 tatia
1083 4531 1320 4590 denominatione
1330 4533 1490 4591 formatum
1505 4537 1560 4590 est.
1572 4532 1628 4589 sad
1643 4547 1710 4589 earn
1731 4530 1822 4589 etiam

121 4617 381 4694 initanteinitiurn;
393 4627 422 4681 et
431 4621 611 4695 quandoque
622 4619 743 4678 nouerit
754 4623 821 4692 post
830 4619 941 4678 linem:
995 4622 1046 4680 ille
1061 4637 1139 4680 unus
1153 4622 1231 4680 Deua
1246 4637 1333 4695 quem
1345 4620 1482 4694 nolimus,
1498 4621 1557 4686 esdr
1585 4620 1820 4696 oognominetur.

123 4710 675 4784 nonoapitutiquavidarideusoareus
687 4707 942 4766 substantiam
997 4727 1049 4768 neo
1064 4715 1161 4768 tumen
1177 4714 1227 4768 unt
1240 4715 1338 4768 motus
1353 4709 1432 4768 ullus
1446 4716 1498 4770 aut
1517 4727 1623 4770 rursus
1642 4712 1707 4784 ejus
1728 4726 1822 4784 eppa·

125 4795 326 4869 divinitatia,id
338 4802 383 4858 ast
397 4800 569 4870 eternitate,
585 4816 665 4874 quae
681 4799 729 4856 ine
742 4795 826 4855 initio
841 4802 871 4855 et
885 4797 944 4855 line
997 4803 1069 4872 reat,
1085 4800 1136 4873 qui
1152 4816 1205 4856 neo
1220 4799 1345 4858 visibilis
1373 4801 1512 4874 cuiquam
1527 4801 1575 4874 ait,
1591 4799 1759 4875 pathmaei,
1788 4803 1821 4857 ut

122 4893 260 4948 oeosetur.
278 4888 310 4948 Si
324 4905 391 4947 vero
405 4888 563 4948 institutus
572 4886 694 4946 omnino
704 4903 763 4946 uon
776 4890 821 4944 est
830 4903 863 4944 aa
875 4903 941 4959 pro·
956 4888 980 4955 Ι)
995 4888 1171 4948 vocabulum
1185 4889 1266 4946 istud
1282 4928 1427 4947 .......
1434 4895 1589 4963 sumptum
1597 4889 1819 4963 propriumque,

122 4977 214 5046 pterea
226 4979 303 5038 deuo
316 4978 482 5052 habendus,
496 4979 615 5053 quodut
625 4982 702 5037 Deus
713 4991 808 5050 neque
820 4974 940 5035 initium
995 4977 1064 5050 quia
1080 4991 1111 5035 se
1130 4975 1274 5048 nativum,
1289 4977 1364 5038 m
1384 4977 1548 5036 divinitatis
1571 4978 1722 5037 inventum
1738 5018 1746 5037 .
1762 5017 1769 5034 .
1787 5016 1821 5037 ..

835 5194 1099 5260 Commentarius.

155 5370 208 5444 (ts)
224 5373 273 5431 llis
288 5375 329 5432 ito
343 5375 490 5450 expeditu.
516 5373 716 5458 Posttarham
737 5371 818 5430 illam
845 5371 942 5446 philo·
1010 5367 1240 5457 ,UPWMM
1254 5373 1327 5431 unm
1341 5375 1486 5458 animatio.
1502 5377 1664 5433 Varronem
1689 5375 1747 5434 hue
1778 5377 1822 5434 at·

125 5442 294 5514 sophorum,
309 5447 358 5519 qui
372 5449 409 5505 de
426 5448 482 5504 llao
497 5449 550 5504 aut
564 5459 692 5529 pessime
706 5447 939 5530 senseruntaut,
996 5448 1084 5518 trogrt
1099 5461 1147 5518 qur
1163 5445 1308 5503 elementa
1336 5446 1475 5504 animalia
1504 5447 1654 5530 donaparat,
1678 5463 1712 5530 eo
1741 5447 1820 5519 quod

123 5511 188 5572 deos
206 5517 338 5602 ommino
351 5519 547 5588 sustulerunt,
561 5515 754 5600 validissimis
776 5518 940 5602 rationibus
995 5520 1193 5602 moverentur.
1210 5517 1242 5574 lo
1258 5517 1413 5590 queillum
1439 5517 1537 5606 arguit
1566 5517 1718 5592 imperitias
1736 5536 1743 5587 ;
1766 5517 1819 5596 de-

124 5589 230 5710 pugnat
243 5605 279 5646 ex
292 5592 452 5662 ipsarede
466 5593 598 5674 quaerat
609 5595 743 5660 questro,
759 5589 795 5672 de
806 5593 870 5646 ortu
882 5605 939 5646 sor·
994 5587 1191 5674 buaratenrm
1206 5596 1351 5676 meterem
1375 5589 1559 5676 investigare,
1588 5589 1726 5673 atquead
1758 5603 1817 5658 prr·

135 5661 188 5714 raet
214 5658 347 5734 deorum,
373 5664 410 5721 de
435 5659 668 5732 immortalitate,
701 5665 856 5732 oreatrone,
881 5664 937 5719 eto.
994 5675 1078 5716 mum
1115 5659 1189 5720 illud
1226 5677 1405 5737 principium
1433 5667 1557 5720 retronis
1583 5679 1610 5719 vr
1650 5657 1817 5716 aseendere.

125 5723 160 5783 ba
174 5731 223 5787 l’a.
992 5733 1076 5790 lnam
