4068 6186
220 277 275 340 tlt
478 281 741 367 TERTULleNl
764 282 926 346 ortuum
951 283 1051 346 PARS
1071 281 1149 346 1.-
1164 285 1302 350 stellius
1323 289 1346 362 l,
1371 289 1656 354 tremuerint.
1832 301 1884 364 tlt

218 413 281 469 ludi
298 410 453 468 Consualia
463 411 544 484 dieti,
561 413 612 486 qui
627 413 650 449 ⁵⁴
662 413 747 470 initio
762 413 930 487 Neptunum
946 414 1039 472 hona·
1055 417 1079 484 A
1098 416 1267 489 posteritas,
1277 417 1406 476 turmam
1418 420 1543 494 originis
1557 421 1779 497 detitullslrujut
1790 443 1890 503 quoque

217 499 331 558 rabant.
362 500 504 556 Cumdem
533 501 610 558 euim
633 508 661 558 et
688 501 816 560 Consum
840 503 984 560 vocabant
1007 504 1038 561 ⁸⁸.
1095 507 1236 580 temporis
1256 509 1424 582 preferens,
1454 525 1507 582 par
1533 527 1609 584 quos
1637 511 1890 588 signatumest,oui

216 591 326 648 Dehinc
355 589 474 663 liquiria
501 591 523 628 ³⁸
547 591 631 647 llarti
661 593 735 649 aas
768 591 910 649 Romulus
939 593 1038 650 dixit:
1095 595 1172 654 388
1187 595 1301 653 idoloet
1316 598 1363 654 cul
1378 599 1581 674 superstitioni
1595 601 1741 674 utriusque
1754 605 1774 640 ⁸³
1787 608 1889 678 generis

215 695 384 752 quanquam
413 682 441 735 et
473 679 629 735 Consualia
663 679 787 737 ltomulo
815 681 837 716 ⁵²
865 681 1039 751 detendunt,
1094 684 1227 759 totilae)
1249 691 1433 755 notarentur,
1457 687 1890 767 Megalenses⁸⁸ffitllattpolli

215 770 293 843 quod
309 785 343 825 ea
364 768 458 826 Conso
478 768 618 824 dicaverit
633 769 697 840 deo,
722 774 756 824 ut
771 769 882 842 solunt,
899 770 1037 827 consilii:
1094 791 1189 848 nares,
1201 776 1269 833 ilem
1280 775 1412 835 Cereales
1422 781 1451 834 st
1466 779 1656 852 Neptunales,
1666 785 1694 838 et
1704 781 1821 840 latiores
1832 785 1891 856 (31),
2001 791 2002 818 ³

215 860 279 930 alus
312 857 432 925 scilicet,
461 873 519 929 quo
544 857 567 893 ⁸⁸
592 861 662 915 lune
689 858 862 915 Sabinarum
889 858 1037 932 virginum
1093 869 1123 922 et
1137 863 1264 922 Florales
1279 865 1309 922 iu
1325 881 1482 924 commune
1497 867 1695 928 celebrantur:
1710 870 1807 944 reliqui
1819 871 1891 930 ludo·

214 947 348 1021 rapinam
364 945 508 1002 militibus
523 946 586 1003 suis
601 947 630 1003 io
647 946 837 1004 matrimonia
851 948 1035 1022 excogitavit.
1093 970 1170 1024 rum,
1194 954 1229 1012 de
1253 954 1402 1014 natalibus
1425 962 1455 1014 et
1477 956 1713 1016 solemnitatibus
1729 960 1751 996 θ’
1763 975 1855 1031 regum
1868 965 1893 1018 et

214 1037 342 1092 Probum
368 1034 453 1108 plane
471 1035 636 1104 consilium,
653 1039 682 1092 et
697 1053 775 1093 uunc
790 1053 907 1111 quoque
922 1037 1000 1111 apud
1015 1039 1039 1079 ss
1092 1043 1219 1118 publicis
1235 1045 1478 1119 prosperitatibus
1499 1050 1528 1104 et
1548 1046 1772 1120 municipalibus
1785 1049 1860 1106 lastis
1872 1051 1893 1088 ¹⁰

213 1125 295 1198 ipsos
310 1125 455 1182 Romtnos
470 1125 586 1196 justum
603 1128 632 1181 tl
646 1123 772 1196 Hostum,
788 1143 824 1182 ¹¹⁰
840 1126 974 1194 dimisti
987 1143 1037 1200 pe·
1091 1133 1310 1207 superstitionis
1334 1135 1355 1173 ⁷¹
1382 1150 1488 1192 causas
1508 1135 1630 1210 originis
1658 1137 1681 1174 ²¹
1695 1137 1808 1196 habent.
1825 1139 1894 1196 lotar

214 1229 266 1271 nes
281 1213 385 1269 Deum.
402 1213 481 1269 lauit
508 1212 618 1270 etenim
633 1213 656 1250 ⁸⁰
682 1213 718 1270 sd
734 1214 856 1288 originis
877 1214 1034 1288 maculam,
1091 1239 1164 1296 quos
1179 1223 1267 1279 etiam
1284 1223 1465 1296 privatorum
1480 1224 1630 1282 memoriis
1645 1224 1784 1299 legatoris
1799 1227 1892 1284 sditio-

211 1319 248 1361 oe
262 1304 372 1360 honum
383 1301 542 1373 existimes,
559 1303 636 1375 quod
656 1302 803 1360 initiuma
819 1303 896 1362 malo
910 1305 1033 1378 accepit,
1091 1329 1142 1370 nes
1157 1316 1324 1386 parentant,
1343 1313 1372 1370 id
1397 1329 1513 1388 quoque
1537 1315 1700 1372 secundum
1715 1314 1893 1372 institutionis

211 1393 248 1450 ab
263 1391 458 1465 impudentia,
482 1390 663 1460 avioleutia,
680 1392 716 1448 ab
742 1391 808 1450 odio
824 1394 880 1466 (26)
895 1395 927 1462 ⁸¹,
944 1411 961 1450 a
976 1395 1034 1450 lra-
1089 1392 1305 1466 antiquitatem.
1322 1397 1395 1451 Nam
1420 1399 1449 1452 et
1471 1411 1488 1452 s
1513 1395 1674 1468 primordio
1699 1394 1828 1453 bilariam
1841 1395 1894 1452 ludi

210 1482 316 1539 trioida
344 1481 522 1550 institutore,
555 1481 655 1538 atilio
682 1483 804 1539 Martis:
832 1487 861 1539 st
883 1499 960 1539 nune
983 1500 1034 1540 ara
1089 1483 1294 1554 censebantur,
1323 1483 1398 1540 sacri
1423 1488 1451 1540 et
1479 1483 1699 1558 tenebrescit),
1722 1483 1751 1540 id
1779 1485 1893 1551 eet,diis
2001 1543 2002 1560 ἱ

209 1571 303 1630 Conso
318 1569 361 1627 illi
376 1571 406 1626 in
434 1569 514 1626 Circo
533 1570 649 1627 defossa
673 1576 718 1627 ast
741 1572 777 1627 ad
802 1572 914 1644 primas
940 1578 1034 1630 malas
1088 1572 1240 1629 nationum
1256 1572 1428 1630 etmorluis.
1445 1572 1895 1631 Seddeidololstrisulhlldillart

209 1659 1032 1733 subterra,eumioscriptiouchujusmodi,consuscou-
1087 1663 1163 1735 apud
1192 1677 1257 1727 uos,
1286 1661 1343 1718 sub
1372 1678 1429 1735 quo
1462 1663 1583 1719 uomina
1610 1667 1640 1720 et
1668 1661 1752 1720 titulo
1779 1663 1845 1718 dum
1863 1661 1894 1718 ad

208 1767 292 1820 siue,
308 1766 385 1808 unas
401 1765 519 1822 ausano,
536 1750 791 1807 osnsscosur10⁶²
806 1767 946 1807 aoruurss
960 1752 1029 1822 (27).
1044 1793 1069 1860 B
1085 1753 1204 1809 cosdem
1219 1750 1342 1824 spiritua
1358 1751 1517 1823 pervoniat,
1534 1751 1644 1825 quibus
1657 1750 1853 1808 renuntiamus
1865 1751 1894 1820 ²³,

207 1839 467 1912 Sacrificantapud
491 1855 554 1895 earu
580 1839 666 1896 nonis
689 1839 778 1895 iuliis
794 1839 959 1896 sacerdotes
974 1857 1028 1914 pu·
1083 1840 1151 1913 licet
1170 1839 1304 1911 mortuis,
1330 1839 1399 1896 licet
1423 1840 1447 1875 ἵ*
1469 1840 1527 1896 diis
1556 1839 1620 1897 suis
1648 1839 1768 1896 iaciant.
1784 1839 1894 1895 Proinde

206 1923 287 1999 b'lici,
300 1943 340 1984 su
363 1926 484 1984 llaleod.
501 1927 685 1999 Septembres
699 1929 722 1964 ⁶⁸
737 1929 844 1984 llaman
859 1927 1029 2000 Quirinalis,
1084 1929 1209 1987 mortuis
1238 1929 1300 1986 suis
1332 1933 1364 1985 ut
1401 1928 1459 1986 diis
1487 1929 1597 1986 iaciant
1623 1929 1656 2001 ²⁸,
1693 1943 1754 1985 una
1780 1925 1895 1986 conditio

206 2015 386 2088 etvirgiues.
412 2015 522 2072 Dehinc
552 2016 631 2072 idern
661 2015 805 2073 Romulus
823 2017 886 2075 lovi
902 2017 1028 2076 Feretrio
1083 2015 1895 2094 partisutriusqueest,uuaidololatria,uusraouotia·

206 2103 293 2162 ludos
307 2103 437 2161 instituit
449 2103 479 2160 io
496 2105 630 2178 Tarpeio,
646 2120 721 2176 quos
741 2105 880 2180 Tarpeios
892 2105 986 2164 dictos
1000 2111 1030 2165 et
1083 2111 1124 2168 tio
1140 2115 1241 2166 nostra
1256 2109 1397 2166 adversus
1418 2105 1626 2164 idololatriam.

205 2192 385 2266 Capitolinos
400 2193 467 2250 Piso
477 2193 608 2252 tradidit.
625 2198 692 2252 Post
706 2195 785 2251 huno
799 2195 896 2252 Numa
911 2196 1028 2269 Pompi-

204 2281 263 2340 uus
275 2284 369 2355 ,uara
388 2286 417 2339 a
431 2282 567 2356 aourgus
587 2283 1029 2358 lecit⁶⁴.1lomotliohtginis⁵⁸
1390 2249 1506 2308 CAPUT
1526 2249 1587 2308 VH·

203 2389 267 2429 eam
283 2372 340 2446 (18)
356 2372 512 2428 finxerunt.
533 2373 640 2430 Dehinc
670 2371 773 2431 Tullus
798 2372 956 2431 Hostilius.
974 2379 1028 2432 De·
1118 2377 1289 2434 Communis
1317 2375 1446 2450 igiturl⁸
1474 2373 1555 2448 origo
1583 2374 1724 2431 ludorum
1753 2371 1898 2442 utriusque

202 2462 273 2519 hinc
292 2463 389 2518 Ancus
418 2461 551 2526 Martius,
571 2467 600 2518 et
620 2462 798 2530 ceterl.Qui
824 2470 954 2536 quotque
978 2479 1029 2536 per
1083 2467 1208 2543 generis,
1236 2481 1408 2523 communes
1436 2469 1464 2522 at
1491 2464 1569 2522 tituli
1596 2462 1899 2522 utdecommuuibus
2001 2523 2002 2534 p

203 2558 335 2616 ordinem
360 2559 392 2632 ⁸⁸,
416 2564 445 2615 et
469 2559 579 2632 quibus
602 2558 690 2616 idolis
714 2558 799 2617 ludos
822 2559 1026 2630 instituerunt,
1082 2556 1330 2629 causis,proloda
1352 2557 1374 2592 Π
1398 2557 1558 2628 apparatus
1582 2570 1759 2611 communes
1781 2551 1899 2608 habeant
2001 2583 2002 2628 ,

204 2648 332 2721 positum
348 2652 393 2704 est
419 2648 495 2720 apud
525 2647 697 2704 Suetonium
719 2647 935 2720 Tranquillum,
951 2647 1028 2706 vela
1083 2649 1259 2704 neoosaee'st
1274 2646 1310 2701 de
1332 2649 1414 2702 reatu
1430 2643 1597 2716 generunt·
1613 2643 1789 2701 idololatria
1803 2639 1899 2698 condi·

204 2737 312 2810 quibus
339 2735 530 2809 Tranquillus
554 2736 674 2810 accepit.
690 2738 743 2794 Sed
770 2738 831 2794 haee
854 2738 927 2796 eatis
942 2743 1027 2794 crunt
1081 2735 1162 2793 tricis
1177 2752 1246 2792 stra.
1263 2734 1317 2791 Sed
1343 2731 1523 2790 Circensium
1548 2732 1637 2806 paulo
1653 2731 1823 2806 pompatior
1836 2743 1899 2800 sug·
2001 2785 2002 2788 ,

204 2827 240 2882 ad
255 2823 377 2900 originis
392 2826 427 2882 de
441 2823 605 2882 idololatria
621 2829 747 2882 reatum.
1080 2832 1192 2899 gastus,
1215 2823 1324 2896 quibus
1351 2822 1468 2896 proprie
1487 2822 1538 2878 hoc
1561 2837 1680 2892 nomeu,
1705 2837 1817 2895 pompa,
1830 2833 1899 2890 pra-

1081 2914 1157 2970 cedit
1171 2913 1203 2982 l’,
1229 2927 1354 2984 quorum
1375 2911 1415 2967 sit
1432 2910 1462 2968 iu
1490 2912 1651 2985 semetipsa
1671 2912 1803 2984 probans
1819 2909 1852 2978 ⁸⁰,
1867 2906 1898 2961 ds
2001 2913 2002 2970 ξ

518 2970 635 3026 CAPUT
654 2968 702 3026 Ἢ·
1081 3000 1309 3061 simulacrorum
1339 2999 1425 3068 serie,
1460 2999 1675 3073 daimaginurn
1711 2997 1841 3072 agmine,
1867 2995 1899 3050 ds
2001 3027 2002 3058 i

236 3094 356 3153 Accedit
374 3093 411 3151 ad
426 3093 629 3151 testimonium
655 3094 840 3168 antiquitatis
867 3098 1025 3155 subsecuta
1079 3091 1225 3159 curribus,
1237 3089 1273 3146 de
1288 3088 1402 3146 theosis
1417 3089 1485 3162 (33),
1501 3089 1538 3146 de
1548 3089 1733 3146 armamaxis
1749 3087 1816 3160 (34),
1831 3083 1901 3142 CCC
2001 3149 2002 3168 χ

912 3203 1015 3268 Variae
1028 3199 1213 3263 lectionues.

235 3303 263 3339 ⁸⁸
288 3296 455 3361 Queislun.
510 3299 732 3369 ⁸⁸llocantllip.
787 3298 973 3364 ‘roniarda
1004 3298 1066 3366 llio.
1116 3293 1399 3352 ⁵⁷sltomulotao.
1443 3293 1640 3365 ”Quotidie
1689 3293 1713 3338 ⁸⁹
1744 3291 1823 3348 luter
1845 3287 1900 3358 Rip.

205 3368 325 3424 ⁶⁰Enim
355 3369 528 3438 athocltip.
566 3369 1073 3444 ⁶¹Abimpudentisrioleutiaeallo
1101 3369 1155 3425 deo
1170 3368 1255 3423 Fran.
1295 3365 1495 3435 '’coruoltt'p.
1532 3366 1556 3402 ⁶³
1569 3363 1618 3420 XV
1637 3365 1762 3422 Kalend.
1779 3365 1901 3434 septem·

205 3441 392 3499 brisinnice.
431 3441 453 3476 θ*
468 3440 546 3498 Fecit
558 3442 701 3514 abrstllip.
739 3443 949 3517 ⁶¹ltobiginem
969 3443 1073 3500 Woaw.
1089 3442 1123 3496 ld.
1140 3438 1168 3495 S.
1207 3439 1229 3476 ⁶¹
1242 3437 1278 3494 Ε)
1301 3437 1396 3494 ceteri
1411 3452 1528 3509 quoque
1544 3437 1757 3508 perordinem.
1772 3433 1809 3491 ut
1823 3433 1901 3489 lion.

196 3509 477 3584 itUuiuscujusquo
499 3513 566 3568 alii.
604 3514 764 3570 ⁶⁸Addr'ttu·
791 3514 868 3570 anim
889 3516 951 3586 lup.
988 3511 1215 3570 tlSolemuilrus
1240 3509 1300 3581 ltip.
1338 3507 1582 3565 ⁷⁰l‘estisWoaw
1596 3506 1677 3566 lis.
1719 3501 1902 3588 ”Superati-

196 3582 568 3656 tioaibusquel’oris.lrtu.
607 3585 629 3620 ⁷¹
643 3584 771 3658 Originis
793 3586 867 3642 abest
881 3588 942 3660 ltip.
979 3586 1002 3621 ²¹
1014 3584 1257 3642 denuntiavimus
1290 3579 1383 3638 Wouru
1398 3579 1474 3636 its.
1514 3579 1689 3637 ltllortuis.
1721 3575 1898 3646 hicehrtllrp.

196 3653 911 3732 ¹⁶Faciuntluu.proindemurtuiaiaciuntltr'p.
949 3657 972 3692 '¹⁸
987 3652 1081 3730 Igitur
1102 3656 1178 3713 adest
1192 3650 1299 3725 ntuetr.
1336 3650 1608 3721 'll‘erlndeltt'putt
1648 3653 1672 3692 ¹⁸
1686 3649 1818 3709 Genitali
1839 3648 1900 3705 lun.

193 3725 319 3783 echi.
359 3725 381 3763 ⁷⁸
395 3727 564 3786 Praecedens
577 3729 638 3800 ltip.
677 3728 896 3799 arnolstain.
1788 3737 1790 3742 '

921 3815 1183 3880 Commentarius.

227 3929 273 4013 (26
298 3932 319 3988 A
342 3931 483 4016 violastis,
499 3932 533 3988 alr
555 3931 627 4001 odio,
651 3932 698 3988 Sic
713 3931 931 4017 emendandum
947 3949 1014 4016 oen3
1031 3940 1052 4006 c
1072 3929 1107 4013 de
1123 3928 1194 4012 ling.
1210 3925 1366 4011 lat.)·dicts
1388 3943 1405 3982 a
1425 3925 1542 3990 Grecis,
1557 3924 1637 4052 quod
1657 3940 1696 4006 ⁰¹.
1710 3923 1801 4006 libris
1816 3918 1902 3992 sibyl-

193 4009 251 4059 surt
305 4020 482 4072 oneremus,
507 4021 561 4061 nco
580 4003 1014 4076 habeoquodouctorrsmenir
1071 3998 1547 4068 linarsaccersrtaabrtttalorege
1579 3997 1901 4068 ergamrPessrnunte,

192 4074 288 4148 magis
316 4077 479 4144 conveniat,
509 4084 561 4132 aut
598 4075 719 4159 propius
746 4078 864 4133 accedat
893 4077 927 4132 ad
955 4077 1016 4132 luae
1071 4067 1698 4144 ubiMegalesiontamplumejusdea,ma
1723 4067 1903 4151 qaisquam

190 4147 297 4204 veteris
321 4149 474 4222 scripture
503 4147 639 4220 vestigia,
665 4165 682 4203 u
709 4147 848 4206 violentiae
872 4148 932 4206 alie
955 4148 1013 4205 deo.
1070 4141 1381 4272 fflutrilmum’punde
1399 4142 1520 4198 uddeeto
1542 4145 1680 4196 Romam·
1735 4136 1902 4196 tnoelludl

249 4260 255 4274 .
1101 4230 1262 4271 eaensas.
1300 4230 1352 4270 au.

191 4223 283 4362 mem)
301 4290 384 4346 Lares
406 4291 487 4347 eoillo
506 4293 628 4356 potentes
652 4288 741 4345 habet
754 4294 837 4346 retus
852 4290 1012 4361 exemplar.
1103 4231 1161 4359 (gl)
1178 4287 1308 4342 Latiares.
1324 4281 1493 4367 surdiori
1524 4280 1633 4367 Latiari
1648 4282 1757 4364 'ouius
1782 4283 1813 4336 tu
1829 4277 1902 4360 Cali3

190 4360 330 4433 Graecum,
340 4359 495 4434 astllollrp,
512 4362 596 4428 Caro,
612 4360 764 4434 penetrali.
780 4361 890 4417 Coelum
903 4368 1013 4417 veteres
1067 4360 1138 4428 gitta
1153 4358 1288 4414 meminit
1300 4357 1469 4426 Suetonius,
1480 4355 1705 4435 etulnpssslm.
1719 4355 1795 4410 Puto
1808 4351 1903 4422 deerpr

189 4433 300 4490 dixisse
327 4436 428 4504 Coum,
450 4439 553 4490 auctor
575 4441 620 4488 est
642 4433 756 4490 Festus.
777 4434 821 4488 nd
850 4450 917 4489 eum
946 4449 1013 4489 vcro
1067 4430 1229 4486 Parnelium
1254 4429 1302 4500 qui
1331 4428 1385 4484 hoe
1407 4426 1493 4483 ludos
1517 4427 1553 4482 ad
1578 4424 1767 4497 gladiatores
1792 4425 1902 4502 relertf

188 4503 318 4576 Scaliger
332 4521 362 4562 se
378 4508 406 4562 in
433 4505 522 4562 veteri
553 4506 724 4562 membrana
748 4504 853 4576 legisse
877 4507 1013 4560 ral'ertcx
1067 4500 1243 4558 exorbitaret
1257 4501 1399 4556 sicssuo
1414 4503 1589 4572 argumento
1610 4497 1837 4562 rlertulliauus,
1853 4507 1901 4564 qur

187 4575 291 4646 Ennio,
308 4607 343 4618 -
356 4579 490 4648 adinplere
518 4592 596 4632 eoam
624 4576 774 4633 terroribus
798 4575 867 4632 oeli.
880 4575 1011 4632 Primum
1066 4573 1151 4629 ludos
1162 4569 1648 4645 comprehensossuperloreetisto
1659 4570 1903 4640 capite,lautum

187 4645 280 4720 igitur
299 4646 391 4720 Coum,
419 4665 521 4706 cavum
549 4645 656 4716 κοῖλον,
685 4648 801 4711 deinde,
830 4647 930 4704 coitum
961 4653 1014 4704 aut
1067 4645 1243 4701 determinat
1268 4645 1303 4700 ad
1327 4648 1493 4699 Sceuomct
1516 4641 1644 4708 Circum,
1666 4648 1704 4698 ut
1729 4643 1904 4715 apparatos

186 4721 311 4786 suillam,
337 4720 443 4778 dumus
474 4719 630 4792 penetrale,
648 4719 698 4774 ubi
726 4721 814 4774 Lares
829 4718 1008 4777 colebantur.
1067 4733 1130 4872 aaz).
1150 4719 1183 4771 10
1197 4715 1287 4786 hujus
1298 4715 1405 4787 operis.
1423 4715 1490 4770 Lan.

186 4791 230 4846 ab
246 4790 300 4847 hoo
315 4789 407 4864 igitur
420 4793 504 4848 duilli
516 4789 666 4858 vocabulo,
680 4792 810 4846 catilinas
826 4796 854 4846 et
867 4792 985 4847 cattinas
1000 4811 1011 4846 :
1113 4789 1158 4862 32)
1174 4787 1253 4844 Sacri
1268 4789 1293 4843 et
1306 4787 1444 4856 lanetres.
1461 4783 1541 4842 Sacri
1556 4787 1639 4840 eraut
1655 4781 1725 4840 ludi
1739 4782 1779 4838 de
1793 4779 1904 4865 quibus

187 4864 438 4932 undeiueoittnur,
456 4863 505 4934 qui
529 4862 737 4936 utinqutliaus.
755 4862 821 4918 Lae.
1066 4867 1126 4931 egit
1153 4865 1249 4926 antea,
1280 4859 1419 4916 nimirum
1466 4856 1659 4929 Megalenses,
1700 4854 1903 4935 Apollinares,

223 4935 364 5004 tealdum
386 4939 413 4990 et
449 4935 607 5016 Robigincm
634 4931 723 4989 deam
756 4932 1010 4997 Quemadmodum
1065 4929 1904 5010 etc,tunebresverodequibusacturusest,quouram

185 5005 258 5061 deus
286 5011 348 5061 erat
362 5005 501 5078 Robigus,
518 5011 560 5060 rto
588 5011 617 5060 et
641 5005 695 5060 dea
711 5005 833 5076 Rubigo,
848 5020 912 5076 qua
928 5003 1008 5059 rubi·
1066 5004 1192 5059 mortuis
1219 5002 1249 5059 in
1274 5001 1420 5074 ejusmodi
1448 4999 1640 5058 conventibus
1668 4997 1904 5072 pareutsbetur.

183 5076 281 5148 ginem
297 5081 456 5144 averteret;
473 5077 515 5132 sio
530 5081 559 5132 et
573 5075 716 5132 Pallorern
736 5077 833 5145 deam,
848 5081 877 5132 et
891 5075 1008 5132 Febrim
1065 5074 1104 5130 Le
1125 5077 1175 5130 ΡΒ.

182 5149 319 5203 tacerent.
342 5147 414 5203 Huic
429 5149 489 5204 dare
510 5163 593 5204 sacra
613 5148 673 5203 fieri
700 5147 787 5204 solita
802 5151 943 5218 erantne
958 5164 1007 5203 ru·
1099 5145 1158 5215 (33)
1182 5147 1216 5202 lle
1244 5144 1382 5212 carritum,
1410 5142 1443 5200 rte
1470 5144 1585 5200 limat.
1615 5141 1734 5198 Currus
1754 5138 1906 5224 prossus,

183 5217 251 5288 bigo
267 5224 378 5282 serietas
399 5224 608 5291 corrumperet.
627 5221 662 5275 ts
679 5220 727 5274 Pa.
1062 5214 1510 5274 taeneaauerterantvehieula:
1523 5237 1537 5266 a
1549 5213 1796 5271 Theussmemm
1808 5213 1818 5284 [
1831 5213 1906 5267 teste

218 5289 272 5360 (29)
291 5290 434 5362 Utriusque
452 5291 560 5363 perieris
582 5291 652 5347 ludi.
668 5291 781 5362 Legunt
795 5286 885 5361 aliqui
909 5291 1006 5344 unius·
1024 5316 1046 5382 D
1063 5287 1146 5344 Festo
1160 5289 1170 5360 ]
1185 5289 1224 5344 ait
1239 5287 1335 5344 vocari
1363 5285 1485 5343 Sinnius
1512 5286 1576 5359 (seu
1601 5284 1644 5340 uti
1666 5283 1842 5366 legendum
1871 5295 1905 5334 ex

181 5359 1008 5436 cujusque:nouplaceut2praestatcertePamelliexpli·
1063 5361 1213 5416 Lactantio
1242 5365 1323 5432 patet
1358 5358 1533 5430 Sisiuuicua)
1561 5356 1673 5428 Capito,
1711 5351 1905 5419 vehiculum,

181 5433 335 5505 colloqui
360 5433 401 5490 ait
429 5435 603 5507 scriptorem
632 5433 761 5490 locutum
782 5449 846 5488 cum
872 5437 1005 5505 respectu
1060 5447 1118 5502 quo
1131 5431 1238 5487 exuvie
1255 5432 1375 5487 deorum
1390 5429 1512 5487 ludicris
1527 5427 1715 5486 circensibus
1729 5427 1763 5484 in
1781 5427 1904 5508 Circum

181 5507 216 5560 ad
245 5507 304 5562 duo
332 5511 446 5562 tantum
475 5505 612 5563 ludorum
643 5521 750 5578 gencra
776 5504 955 5560 Circensium
978 5509 1008 5560 et
1060 5502 1095 5559 ad
1123 5501 1259 5574 pulvinar
1272 5501 1430 5570 vehuntur,
1446 5507 1478 5559 et
1492 5517 1527 5558 ex
1554 5501 1651 5564 ebore,
1674 5505 1713 5554 ut
1730 5499 1818 5571 apud
1834 5497 1904 5552 Lrtr·

179 5576 388 5635 l'heatralium.
406 5580 471 5636 llaec
493 5579 572 5636 euim
595 5578 690 5635 solum
718 5576 942 5650 comprehendit
956 5593 1005 5632 su·
1059 5573 1144 5630 nium
1160 5574 1188 5628 io
1209 5573 1346 5646 Barbula,
1362 5579 1391 5630 at
1405 5591 1440 5630 ax
1455 5578 1587 5657 argento.
1604 5593 1618 5623 o
1633 5570 1712 5626 Paos.
1862 5639 1869 5650 ·

181 5649 294 5722 periore
305 5666 369 5724 cap.
387 5655 452 5717 tao.
1096 5645 1153 5718 (34)
1168 5646 1353 5704 innumeris.
1366 5645 1555 5703 Discrimruat
1570 5643 1810 5701 harmoniam
1831 5639 1907 5713 (save

213 5721 270 5793 (30)
292 5721 463 5795 lleaulensec.
492 5719 658 5796 Megalesia,
685 5719 795 5795 (iuquit
818 5722 910 5778 Varro
924 5717 1006 5776 lios
1060 5732 1273 5788 armammsm,
1290 5722 1324 5777 ut
1344 5717 1395 5776 alil
1421 5716 1566 5790 scribunt)
1579 5713 1688 5774 lunius
1720 5713 1764 5771 sb
1780 5709 1907 5780 essedo,
