4046 6172
200 323 259 387 ste
460 321 725 386 Tlili'l'ULLlrlNl
747 319 909 385 OPERUM
933 323 1034 383 PARS
1056 321 1082 383 1.
1097 352 1136 368 -
1150 319 1286 384 sutilius
1308 319 1332 394 l,
1355 321 1638 386 euonoubrtcs.
1831 327 1882 388 380

199 456 245 516 vel
272 456 454 530 adoptandos
476 454 649 512 melioribus
672 455 749 512 m
773 455 945 527 parentibus
973 453 1031 528 (19)
1045 456 1072 523 Α
1087 456 1257 528 utrumqne.
1275 453 1330 510 Sed
1354 453 1493 513 ueritatis
1518 455 1582 512 doe
1606 455 1710 529 speeies
1731 456 1808 514 fseila
1828 475 1883 515 oon·

202 544 405 618 emancipatis.
422 543 546 602 llieuati
562 542 678 616 generis
693 559 813 600 neeesse
837 546 882 599 eet
897 543 1030 618 quando·
1088 549 1221 610 currunt,
1239 547 1270 598 ut
1298 543 1350 615 qui
1365 559 1422 601 non
1437 545 1614 617 videntque
1629 544 1805 613 sunt,videre
1823 547 1888 603 vide·
1997 585 1998 594 ι

201 649 259 706 que
272 633 445 691 memoriam
470 633 628 704 dissipari;
644 636 674 690 et
687 632 777 690 semel
796 648 877 689 error
899 632 1031 705 impege-
1085 634 1212 704 torque
1230 647 1289 688 non
1304 635 1383 689 sunt.
1402 633 1448 689 Sia
1463 649 1515 705 par
1529 631 1628 690 omnia
1640 634 1794 692 ostendam.
1816 639 1889 698 Nune
1997 677 1998 692 ι

201 723 249 791 rit,
267 723 370 781 exinde
389 723 454 796 jam
478 722 584 778 tradux
606 721 739 794 proficiet
767 719 880 789 incesti,
897 725 1033 794 serpente
1088 721 1123 777 de
1140 720 1392 778 manifestioribus
1408 721 1504 779 dinam
1519 723 1551 778 ⁹⁴.

200 827 307 884 genere
331 827 399 867 oum
422 809 541 866 seelera.
558 810 641 866 Tune
659 809 767 866 deinde
790 825 978 882 quorumque
1001 808 1032 865 in
1417 853 1531 912 CAPUT
1554 856 1576 913 x

201 898 276 967 loeo,
292 898 381 966 domi,
395 913 527 972 peregre,
550 903 632 956 trane
656 898 740 966 freta,
755 913 855 955 eomas
871 902 916 954 est
930 897 1032 969 libido,

202 989 287 1059 nujus
310 987 421 1059 ubique
436 987 530 1044 saltus
555 987 642 1044 faoile
656 992 781 1062 possunt
796 986 905 1044 alieubi
920 986 1033 1060 ignaris
1087 963 1305 1014 mmmm·
1321 988 1356 998 ““
1371 958 1553 1028 mmmm
1566 960 1623 1031 im
1645 957 1680 1014 “d
1700 959 1894 1016 mmirrili'

202 1077 280 1132 filios
295 1092 423 1150 pangere
437 1076 482 1133 val
496 1092 531 1132 ex
546 1075 646 1149 aliqua
661 1076 785 1133 seminis
801 1075 982 1149 portiens⁹⁸;
1000 1079 1034 1133 ut
1122 1029 1281 1100 mmm
1297 1031 1390 1102 aum
1418 1031 1589 1088 emnam
1615 1029 1726 1086 dmm
1744 1029 1840 1085 mmm
1856 1046 1894 1086 ’θ’

203 1166 245 1221 ita
260 1182 397 1237 sparsum
412 1165 435 1201 ⁰⁸
449 1181 540 1237 genna
561 1181 613 1237 per
627 1165 803 1222 commercia
818 1166 949 1222 bumana
962 1181 1032 1222 eon·
1123 1188 1218 1229 comm
1249 1172 1435 1229 demonstran·
1462 1175 1560 1246 ponii,
1594 1176 1723 1230 Ρηιιιοοαι
1753 1173 1840 1244 tiaras
1863 1171 1896 1228 ud

203 1255 344 1311 ourretin
360 1254 518 1310 memoriae
541 1271 623 1320 suas,
639 1269 734 1325 nequa
755 1270 805 1311 eae
819 1254 915 1311 eoitna
929 1253 1034 1311 incesti
1124 1245 1322 1300 conicientium
1346 1245 1505 1316 asabitum,
1530 1259 1595 1318 qum
1617 1259 1720 1387 nesure
1746 1260 1801 1299 noo
1856 1247 1897 1300 test

203 1343 358 1416 sanguinis
384 1348 534 1415 agnoaeat.
560 1343 619 1399 Nos
641 1343 678 1398 ab
704 1341 759 1400 isto
783 1343 819 1398 20
841 1347 946 1400 eventu
967 1342 1033 1399 dili·
1124 1331 1216 1372 mmm
1235 1316 1301 1372 mm
1322 1315 1384 1373 ³⁶⁰⁵
1405 1315 1531 1373 '‘mm“
1552 1317 1622 1372 “im
1657 1318 1741 1382 “imi
1762 1331 1811 1388 ⁹¹⁸⁰
1846 1316 1899 1388 iffi

204 1431 379 1506 gentissima
388 1435 418 1488 at
427 1431 602 1489 fidelissima
616 1431 738 1490 uastitas
754 1432 857 1503 sepsit,
874 1437 1034 1506 quantum·
1123 1390 1208 1444 “nim
1222 1387 1337 1444 saturni
1351 1389 1475 1461 mmm
1490 1388 1595 1460 “qum
1609 1387 1782 1445 “emm‘'

205 1535 261 1590 que
280 1521 317 1577 ab
333 1519 444 1592 stupris
459 1527 489 1576 el
509 1519 546 1576 ab
561 1520 640 1576 omni
660 1531 728 1592 post
743 1520 945 1576 matrimoium
957 1521 1031 1578 221
1124 1519 1209 1590 Deos,
1226 1520 1362 1592 inquitis,
1378 1537 1436 1577 non
1458 1520 1555 1578 eolitie
1580 1521 1646 1594 (21),
1672 1525 1701 1576 et
1715 1535 1765 1592 pro
1785 1517 1900 1590 impera·
1997 1565 1998 1568 ,

203 1623 336 1676 exoessu,
361 1611 477 1664 lantum
503 1608 590 1664 stab
615 1607 721 1665 ineesti
745 1624 816 1665 essu
835 1608 892 1664 tuti
917 1624 1033 1665 sarnus.
1088 1609 1203 1666 toribus
1226 1609 1372 1666 saerilleia
1395 1626 1454 1667 non
1469 1609 1654 1683 impenditis.
1670 1608 1896 1680 Sequiturutea·
1997 1605 1998 1628 ³

204 1697 330 1764 Quidam
346 1695 439 1753 multo
456 1697 619 1754 securiores
633 1701 725 1754 totam
745 1696 805 1754 vim
820 1697 912 1768 hujus
926 1697 1035 1754 erroris
1089 1699 1155 1754 dem
1172 1698 1284 1754 ratione
1299 1714 1351 1772 pro
1374 1696 1441 1755 aliie
1465 1714 1525 1754 non
1548 1697 1759 1764 sacrificemus,
1778 1693 1842 1770 quie
1855 1708 1901 1749 nee
1997 1767 1998 1774 ἵ

204 1786 318 1858 virgine
332 1785 512 1843 rontinentia
526 1785 687 1859 depellunt,
704 1802 788 1843 senes
813 1786 906 1859 pueri.
923 1787 989 1844 tier
1004 1787 1035 1843 in
1090 1801 1141 1858 pro
1163 1785 1248 1842 nobie
1273 1785 1351 1843 828
1376 1786 1461 1859 ipsis,
1486 1787 1573 1844 semel
1600 1787 1674 1843 deus
1698 1800 1756 1841 non
1782 1781 1901 1840 nolendo·
1997 1783 1998 1832 1

205 1875 405 1946 vobieeese,si
422 1873 965 1948 ronsidararitis,pr0inuechristianis
977 1891 1035 1932 non
1051 1836 1075 1902 B
1093 1875 1192 1946 ltaque
1216 1874 1362 1947 saerilegii
1386 1875 1444 1948 (22)
1472 1879 1502 1931 et
1528 1874 1694 1947 mejestatis
1721 1872 1762 1929 rei
1780 1869 1901 1928 eonveni·
1997 1875 1998 1952 j

205 1979 270 2022 esse
283 1963 500 2037 perspiceretis.
514 1961 607 2022 tidem
632 1962 709 2020 oeuli
731 1961 953 2021 renuntiassent
971 1979 1036 2020 ease
1092 1979 1169 2020 mur.
1186 1963 1308 2020 Summa
1330 1962 1392 2020 baso
1414 1979 1514 2034 eausa,
1538 1961 1597 2021 lmo
1620 1966 1684 2021 tota
1703 1967 1756 2032 est,
1772 1964 1800 2020 et
1812 1959 1902 2031 utique
1997 1963 1998 1992 r

930 2062 1033 2124 Variae
1047 2061 1197 2124 laetiores

243 2161 475 2230 ”stipatum
496 2159 836 2290 pangerenelutexal.
863 2159 1102 2234 semieparsione‚
1127 2163 1182 2216 ete.
1219 2158 1243 2194 ⁰⁸
1257 2157 1304 2215 Uti
1332 2175 1486 2232 aspersum
1515 2160 1633 2231 Frenep.
1686 2157 1773 2214 “Vn
1794 2156 1837 2213 Sie
1862 2169 1906 2225 per

154 2237 158 2251 ¹
211 2233 480 2290 omniaoatendam
515 2232 701 2290 enuntioed.
718 2231 1137 2315 Rimoni,etqurerequuatur
1164 2249 1175 2288 .·
1201 2235 1283 2288 Nune
1309 2231 1346 2288 de
1373 2231 1627 2290 manifestioribus
1654 2229 1800 2303 dieem,e.
1824 2223 1908 2284 llud·
1997 2283 1998 2296 ,

206 2307 323 2378 scriptu.
340 2306 404 2377 fleu.
419 2306 453 2363 de
467 2307 535 2363 Hau.
551 2305 634 2362 Nune
649 2307 679 2360 et
693 2304 870 2362 manifestrs.

929 2381 1193 2446 Commentarina.

208 2493 287 2560 gam.
303 2479 454 2545 Quomodo
474 2497 542 2536 enm
557 2495 646 2553 sepe,
660 2483 724 2536 tum
748 2479 838 2537 aliam
851 2496 907 2538 vox
922 2479 975 2537 ille
989 2496 1041 2537 oe·
1096 2475 1120 2533 δ’
1146 2477 1188 2534 ὑπ’
1220 2477 1307 2534 αὐτῶν
1332 2475 1376 2532 liri
1401 2474 1523 2552 idiurtpl
1551 2475 1769 2559 ξοιθινούμινρι,
1801 2471 1910 2556 “isid
1997 2493 1998 2564 ι

209 2555 301 2606 uurrrt
315 2552 365 2608 lib.
380 2552 442 2607 odo.
468 2552 677 2622 Hermopmm,
698 2568 764 2625 nep.
779 2553 812 2608 11
840 2567 847 2608 :
874 2574 888 2603 a
914 2556 981 2608 liae
995 2553 1039 2608 in·
1095 2556 1150 2608 ate.
1167 2573 1182 2602 a
1198 2554 1351 2619 Craterum,
1368 2551 1503 2610 homiues
1517 2551 1616 2607 idiota
1639 2548 1751 2607 abillis
1766 2542 1911 2621 pronihilo
1997 2575 1998 2614 ι

211 2620 295 2693 quies
311 2639 368 2680 non
385 2629 440 2690 est,
457 2623 518 2680 haee
537 2623 720 2681 turbulentia
742 2627 771 2680 et
794 2623 953 2698 passivitas
981 2640 1041 2681 non
1094 2622 1215 2694 habitis,
1232 2629 1264 2680 ut
1278 2622 1360 2680 stulti
1384 2629 1414 2680 at
1435 2623 1602 2690 illiberales,
1625 2622 1651 2678 si
1679 2621 1767 2677 modo
1789 2615 1913 2674 commit·
1997 2673 1998 2682 ¹

209 2697 264 2760 ast,
290 2696 341 2752 sed
373 2696 578 2752 moderationi
608 2694 760 2753 modestia.
791 2719 803 2749 ι
840 2695 914 2752 tiele
942 2696 1042 2767 itaqua
1094 2695 1250 2752 tantsein
1266 2695 1354 2751 fidam
1370 2696 1431 2765 Dei,
1455 2700 1484 2752 at
1506 2693 1755 2752 doetrinamtesu
1771 2688 1912 2770 resipiant,

209 2764 304 2822 liben.
332 2789 343 2818 ι
369 2769 564 2840 suppeditare
598 2768 738 2824 materias
781 2767 873 2824 assim
899 2767 1042 2825 invitante
1094 2771 1211 2824 tantum
1227 2767 1336 2822 absunt
1350 2767 1388 2824 ab
1402 2769 1481 2824 omni
1498 2766 1652 2832 laseivitia,
1663 2762 1815 2836 spuroitia,
1827 2763 1912 2830 turpi·
1997 2793 1998 2822 i

212 2835 339 2894 luxuria.
365 2860 380 2888 ιι
408 2839 515 2896 Granis
539 2836 687 2911 εἰκαιότης,
710 2784 1039 2911 ιιιιὲοεῐιιαῖαπρόὸατα,
1094 2839 1196 2896 tudine
1210 2836 1378 2911 libidinum,
1395 2843 1427 2894 ut
1440 2837 1470 2894 in
1487 2853 1597 2894 morem
1613 2837 1812 2911 perfeetorum
1827 2846 1914 2889 saeer-

229 2911 337 2966 areales
351 2925 419 2967 ooee.
436 2909 509 2968 Vide
534 2910 716 2985 scaligerum
733 2911 770 2967 sd
785 2911 936 2968 Manilium
951 2927 979 2986 p.
994 2912 1039 2968 68.
1095 2912 1197 2968 dotum
1213 2909 1250 2965 ab
1271 2908 1353 2966 omni
1375 2908 1452 2966 coitu
1468 2909 1705 2976 abhorrentium,
1721 2904 1807 2964 multi
1822 2915 1911 2959 eorum
1997 2929 1998 2984 3

208 2925 281 3037 flav.
1094 2983 1335 3057 intotumeaate
1360 2979 1913 3103 purequevivantmlieniaeongreaeu
1997 2999 1998 3062 ζ

1095 3053 1253 3111 mulierum
1269 3054 1356 3110 etiam
1376 3052 1518 3127 legitimo.
1535 3075 1550 3105 ιι
1566 3053 1666 3110 ltloxe
1686 3051 1782 3109 liban.
1804 3065 1821 3106 a
1841 3049 1915 3104 estet

212 3122 298 3194 longe
310 3123 418 3181 melius
433 3137 522 3196 quam
532 3124 604 3181 editi
618 3124 738 3197 quidam
746 3123 943 3182 misericordie
951 3127 1042 3181 setra-
1094 3126 1266 3199 fidelissimo.
1281 3124 1352 3181 Hsv.
1997 3173 1998 3194 ,

211 3209 280 3263 nese,
297 3200 350 3251 aut
373 3196 503 3252 Rhenani
518 3201 608 3252 matre
632 3199 751 3279 extraria
766 3211 773 3251 :
791 3196 937 3268 quomodo
952 3195 1041 3252 etiem
1141 3197 1188 3267 21)
1204 3197 1282 3263 beor,
1298 3195 1424 3270 inquitis,
1439 3211 1497 3252 non
1518 3194 1618 3252 colitis.
1637 3191 1753 3278 Passim
1778 3188 1854 3276 apud
1871 3188 1918 3243 fir·

212 3264 356 3323 Barraeus.
372 3266 528 3352 Eleganter
543 3266 651 3323 Paulus
671 3266 915 3338 jurisconsultus,
931 3267 1041 3323 nitente
1056 3236 1078 3305 c
1096 3283 1134 3324 no
1157 3271 1214 3336 ,ut
1229 3267 1306 3324 llb.1
1327 3284 1334 3324 :
1360 3290 1374 3318 ι
1401 3268 1421 3323 il
1442 3283 1497 3325 one
1525 3264 1624 3339 impie
1648 3264 1803 3338 relrgmms
1825 3273 1918 3318 sumus
1997 3287 1998 3300 ι

211 3337 329 3420 worp.
345 3337 381 3392 ad
399 3337 506 3396 Minue.
532 3354 539 3394 :
564 3361 575 3387 ι
601 3337 710 3393 Neaera
724 3337 839 3394 videtur
853 3355 911 3394 nnn
924 3343 1040 3394 tantum
1095 3338 1173 3412 epod
1187 3355 1239 3395 vos
1254 3340 1346 3407 rei,et
1358 3284 1441 3411 quoti
1456 3343 1546 3413 eaput
1562 3353 1663 3395 rerum
1678 3341 1709 3393 et
1729 3333 1860 3392 uolumen
1874 3347 1917 3386 ve·
1997 3385 1998 3392 ι

212 3423 238 3463 ra
253 3424 303 3481 qui
318 3412 436 3480 partum
452 3410 599 3484 prefocat,
617 3411 668 3465 sed
684 3409 749 3465 etis
760 3411 811 3482 qni
828 3411 954 3482 publieis
968 3408 1041 3466 loeis
1095 3410 1276 3468 nerebilibus
1292 3411 1410 3467 adimus
1433 3409 1583 3483 obsequiis
1598 3410 1644 3482 (ut
1659 3406 1794 3466 eonvieio
1809 3411 1919 3461 ummnr
1997 3439 1998 3448 .

212 3479 417 3536 miserirordioe
429 3497 518 3537 eausa
531 3480 660 3553 exponit,
671 3496 761 3552 quam
778 3482 840 3554 ipse
855 3483 1041 3538 nonhabet.»
1094 3482 1203 3550 vestro)
1217 3481 1339 3538 infausti
1354 3488 1384 3538 et
1397 3482 1480 3540 libai
1501 3482 1737 3552 nuncupamurl
1761 3499 1776 3529 ιι
1796 3477 1886 3532 bibe
1909 3489 1916 3528 ε
1997 3497 1998 3552 3

212 3549 276 3606 Non
293 3567 414 3624 possum
430 3554 502 3624 quin
528 3550 670 3608 Laetantii
694 3552 789 3608 lenum
814 3553 973 3619 adducam,
989 3553 1040 3610 sed
1096 3554 1240 3610 uendere
1252 3569 1305 3610 vos
1327 3553 1423 3610 dieere
1437 3571 1471 3611 ex
1493 3552 1541 3609 his
1566 3552 1699 3619 atheum,
1716 3547 1919 3622 irreligiosum,

213 3619 300 3678 itaut
314 3623 496 3680 emendatior
518 3622 641 3694 legatur,
665 3623 719 3690 lea,
745 3641 783 3690 vr,
805 3625 850 3695 20,
876 3630 909 3681 ut
931 3623 1041 3697 vulgati
1095 3624 1282 3697 sacrilegum,
1298 3625 1347 3699 qui
1365 3627 1418 3682 deo
1433 3641 1507 3697 esse,
1524 3623 1646 3681 omnino
1670 3628 1725 3679 aut
1744 3625 1862 3695 negant,
1877 3620 1921 3698 ant

214 3692 283 3748 libri
299 3693 431 3750 habent:
450 3717 465 3746 u
479 3695 550 3760 Quis
567 3695 689 3762 dubitet,
705 3694 777 3767 quin
801 3695 841 3751 im
866 3696 912 3752 ius
926 3697 976 3762 sit,
993 3695 1041 3768 qni
1096 3697 1241 3754 dubitent.
1262 3719 1272 3745 ι
1289 3701 1323 3752 lit
1337 3696 1388 3753 lib.
1403 3713 1433 3752 vr
1460 3715 1467 3754 ε
1495 3719 1509 3748 a
1527 3695 1559 3752 ln
1583 3695 1638 3752 hae
1664 3694 1749 3752 anim
1765 3693 1920 3750 consuestis

216 3763 319 3847 aliena
331 3764 644 3824 misericordiaeloeum
659 3713 940 3839 nuneriouirfquin
952 3768 1040 3824 etiam
1096 3774 1177 3841 perta
1203 3767 1329 3824 invidias
1354 3769 1439 3824 nobie
1456 3766 1749 3824 tumultuosissimas
1773 3762 1920 3826 eonuitare,

215 3853 241 3892 ar
256 3838 410 3911 contingat
424 3839 450 3894 ei
464 3839 542 3910 qnod
558 3838 659 3895 voluit
680 3843 713 3894 ut
727 3836 824 3894 alatur
838 3838 951 3895 addixit
965 3844 1043 3896 eerte
1096 3839 1243 3912 appellare
1258 3856 1317 3897 non
1339 3839 1451 3904 atheos,
1474 3843 1503 3895 et
1526 3839 1604 3913 quod
1628 3838 1793 3895 minimum
1818 3835 1921 3891 tribue-

214 3911 505 4038 ggnguiffffffim'
521 3909 625 4038 rgilciatad
648 3909 940 4038 'ervimteff'vygltad
956 3908 1042 4037 iufle-
1096 3929 1163 3968 mus
1177 3911 1243 4039 1diis.
1261 3933 1275 3962 ιι
1291 3911 1365 3968 Vide
1379 3911 1465 3984 plura
1488 3912 1565 3985 apud
1590 3910 1773 3984 interpretes
1788 3904 1921 3963 Arnobie·

255 3999 310 4036 r.»
349 3999 389 4037 ιι
448 3999 517 4038 rnna
651 3998 718 4038 uam
755 3998 791 4038 uo
956 3999 974 4038 v
1153 4023 1160 4038 .
1241 4023 1247 4038 .

215 4051 244 4108 in
275 4069 341 4109 meo
365 4057 444 4110 uerte
469 3998 648 4126 exemplaria?
670 3998 798 4126 Repgns,
823 3998 1042 4119 «ΙὸιιιὶηιΙὶθοιιέ
1096 4000 1360 4139 1101822)’.1111111911
1382 4051 1550 4109 ὓοηιὶοἱιιιιι
1567 4052 1646 4124 quod
1666 4049 1828 4108 confestim
1848 4043 1924 4125 Chri·

215 4123 422 4182 misericordia
437 4125 546 4194 losum,
570 4141 628 4182 non
650 4141 710 4181 aum
731 4126 885 4194 tribuunt;
904 4149 915 4178 ι
938 4125 967 4182 11
983 4126 1042 4182 exi·
1097 4125 1202 4182 etiams
1221 4125 1420 4198 ingerebatur,
1445 4141 1536 4198 supra
1560 4139 1584 4178 e.
1599 4127 1640 4181 2:
1659 4143 1673 4173 u
1690 4122 1818 4188 Quando
1830 4120 1865 4175 de
1878 4115 1926 4201 aiij

215 4200 289 4270 gunt
301 4213 365 4269 qua
379 4198 419 4254 ibi
435 4199 609 4271 sequuntur.
632 4197 807 4253 iletraneam
824 4197 912 4255 talem
928 4197 1043 4254 miseri·
1097 4213 1154 4268 quo
1168 4201 1300 4265 noeente,
1316 4196 1502 4267 eognoseitis,
1520 4217 1534 4246 u
1550 4195 1610 4251 lite.
1631 4197 1666 4250 m
1693 4195 1770 4251 ibid.
1787 4216 1803 4245 α
1819 4193 1928 4248 Laniare

215 4268 346 4325 cordiam
370 4269 468 4326 videre
482 4269 551 4342 lieet
564 4269 717 4326 Charicles
738 4267 870 4325 evenisse
894 4270 970 4342 apud
991 4269 1045 4325 Ha·
1100 4266 1415 4340 'uberesaerilegum
1444 4267 1469 4324 si
1500 4265 1632 4324 eonllteri
1655 4261 1926 4342 perseveraverit»

216 4338 256 4396 fio
279 4356 363 4396 nrum
389 4341 481 4397 AEiltio
504 4383 510 4396 .
535 4341 584 4396 lib.
607 4356 640 4405 rr,
665 4356 694 4411 p.
720 4339 781 4409 118,
809 4340 880 4396 edit.
903 4340 1044 4399 Commel.
1095 4286 1184 4396 itini
1206 4339 1364 4412 Scapulam,
1381 4339 1494 4395 aaz»
1517 4338 1626 4394 'famen
1653 4353 1722 4404 nos,
1740 4353 1819 4410 qnos
1842 4345 1928 4391 saorr-

218 4357 345 4494 §eguinos
359 4413 395 4467 de
418 4428 468 4468 eru
492 4411 590 4494 elitate
614 4411 668 4466 bau
690 4408 776 4493 plura
788 4409 828 4494 ‚in
841 4411 939 4494 'initio
953 4411 1045 4484 hujus
1098 4411 1179 4483 lagos
1194 4409 1381 4494 existimatis,
1397 4425 1450 4466 nen
1463 4409 1494 4493 in
1519 4411 1596 4492 furto
1612 4425 1750 4481 unquam
1766 4405 1930 4493 'deprehen

217 4487 335 4553 eapitis,
359 4482 468 4553 quibus
491 4483 558 4540 addi
585 4483 681 4555 potest
709 4481 896 4556 Krpprngrus.
926 4501 959 4556 r,
979 4499 1044 4558 eap.
1099 4483 1195 4552 distis,
1214 4483 1319 4540 nedum
1349 4479 1558 4553 russurrlegro.
1576 4502 1591 4532 ιι
1620 4479 1682 4537 imo
1714 4479 1807 4537 solita
1834 4471 1929 4557 popuii

221 4554 247 4622 1,
264 4570 293 4626 p.
311 4554 345 4608 13
360 4569 439 4608 nova
453 4553 602 4610 editionis.
619 4552 690 4609 Hir.
1100 4559 1163 4612 erat
1177 4553 1349 4612 adclamatio
1365 4553 1395 4609 ln
1407 4551 1601 4625 deposcendis
1612 4551 1813 4609 innoeentum
1824 4545 1931 4622 suppli·

254 4624 310 4695 (toi
327 4624 504 4698 adoptandos
526 4625 690 4681 melioribus
708 4622 878 4695 perentibus.
896 4624 949 4690 Qui
974 4624 1043 4682 alia·
1058 4606 1083 4673 D
1098 4625 1152 4683 elis
1174 4627 1273 4684 :Tolle
1300 4626 1454 4695 araturos.
1481 4623 1618 4680 Rufflnus
1642 4638 1677 4681 ex
1702 4623 1837 4680 Eusebio
1864 4617 1930 4700 licei

220 4710 274 4751 nos
297 4695 406 4753 liberos
430 4713 530 4752 amere
557 4699 678 4768 paterno
702 4693 948 4766 complectuntur,
971 4714 1045 4770 quos
1100 4699 1170 4754 Htet.
1185 4714 1215 4753 ru
1231 4713 1237 4753 :
1256 4720 1270 4748 «
1286 4697 1381 4753 iudex
1399 4697 1435 4752 ad
1456 4694 1576 4769 Polyear
1598 4710 1647 4750 nm
1675 4710 1683 4752 :
1712 4695 1829 4752 Habeto
1844 4695 1931 4749 statu

220 4771 356 4895 parentes
370 4765 427 4840 ipsi
442 4766 604 4841 ableganda
624 4783 641 4822 a
664 4780 695 4822 ee
717 4766 815 4823 odisse
829 4768 953 4839 professi
968 4774 1047 4827 sunt.
1103 4773 1160 4825 tuae
1180 4769 1382 4838 reverentiam,
1404 4773 1433 4824 et
1448 4783 1537 4852 parea
1560 4712 1669 4822 nisime
1694 4765 1848 4824 senestuti
1869 4767 1932 4844 tuae.

234 4840 344 4896 nterim
359 4844 458 4897 tamen
473 4838 642 4896 laudibuse
665 4837 703 4892 ud
719 4839 879 4911 seripturas
904 4839 952 4896 hie
975 4842 1048 4897 ado·
1100 4841 1170 4912 jore
1184 4841 1331 4897 fortunam
1351 4843 1483 4904 (laseris,
1503 4855 1608 4921 gerens
1622 4836 1658 4893 de
1673 4839 1831 4908 prioribus
1847 4849 1933 4909 poeni·

221 4911 324 4983 ptandi
352 4928 404 4968 nos
429 4927 486 4967 non
512 4911 617 4968 earuit.
643 4853 786 4966 Rotebilis
804 4909 888 4967 loeus
912 4917 955 4968 est
971 4912 1048 4985 apud
1103 4911 1560 4976 tudinem.ateonelsmaet1am
1576 4914 1608 4967 tu
1624 4925 1631 4964 ε
1645 4907 1730 4966 'folle
1745 4907 1934 4980 saerilsgosu

220 4981 375 5038 Philonem
399 4982 535 5040 Judaeum
558 4984 588 5042 in
603 4981 688 5039 initio
704 4980 795 5039 libelli
810 4982 846 5039 de
857 4982 1049 5055 tenatiam,
1104 4983 1273 5052 Ibidem,de
1288 4987 1382 5041 morte
1395 4981 1548 5054 Pulyeerpi
1564 4997 1571 5036 ε
1589 5002 1604 5030 u
1629 4981 1702 5036 cum
1719 4997 1758 5038 ex
1773 4981 1868 5054 hujus
1880 4983 1936 5058 tam

221 5069 310 5127 quem
326 5054 390 5111 ride
406 5056 474 5111 flav.
1103 5054 1230 5127 insignis
1244 5060 1338 5112 morte
1356 5058 1507 5126 stuporem
1531 5051 1658 5124 oepisset
1682 5053 1820 5110 astantis
1841 5046 1937 5129 popul}

258 5126 313 5198 (20)
328 5129 383 5184 Nos
403 5127 436 5183 ub
455 5127 515 5182 isto.
530 5122 764 5181 Pulcherrimum
785 5121 956 5181 christianae
977 5141 1050 5182 eon·
1104 5125 1262 5184 multitudo
1285 5130 1315 5183 et
1337 5127 1429 5182 totius
1451 5123 1683 5181 Christianorum
1713 5125 1819 5197 gentis
1842 5122 1940 5180 mirari

221 5195 350 5254 tinentiae
370 5198 546 5256 encomium.
573 5195 733 5252 lllinueius.
756 5210 785 5265 p.
809 5196 845 5250 85
871 5212 878 5251 :
905 5217 919 5248 ιι
943 5199 977 5253 lt
996 5212 1050 5253 nos
1103 5197 1241 5254 virtutem
1266 5199 1302 5253 de
1325 5196 1538 5254 contemnenda
1562 5199 1655 5251 morte
1676 5195 1858 5269 erupissent,
1874 5209 1939 5250 eon·

222 5270 440 5340 pudoremnon
462 5269 545 5336 faeie,
565 5268 616 5322 aed
642 5271 739 5322 manta
761 5269 1050 5337 praestamus,unius
1104 5268 1467 5326 elamantomnestTolle
1492 5266 1662 5338 saerilegos.
1692 5287 1709 5315 »
1739 5271 1783 5324 lix
1813 5276 1940 5341 quorum

117 5389 119 5394 .
224 5341 404 5397 matrimonii
429 5339 545 5396 vinoulo
569 5337 693 5395 libenter
712 5335 912 5408 inboeremus;
934 5340 1051 5411 cupidi·
1104 5339 1324 5413 comparatione
1343 5339 1440 5396 luoem
1464 5355 1567 5411 eapere
1590 5339 1730 5409 possunt,
1753 5356 1824 5411 quse
1845 5337 1943 5395 delu-

223 5415 316 5468 tatem
333 5411 503 5484 procreandi
519 5413 673 5468 entonam
689 5407 812 5476 seimus,
825 5413 878 5465 aut
892 5410 1015 5467 nuliam.
1034 5431 1049 5464 ιι
1104 5412 1234 5468 deorum
1249 5409 1279 5465 in
1294 5415 1475 5468 servatorem
1491 5409 1618 5467 elamore
1633 5406 1769 5479 legimus
1786 5411 1869 5483 apud
1891 5413 1940 5464 tu·
1997 5443 1998 5450 ι

224 5483 342 5542 Etmox
364 5483 435 5540 ibib.
467 5497 474 5539 :
506 5483 670 5538 «Tantum
694 5478 822 5550 denique
844 5481 927 5538 abest
946 5481 1051 5539 incesti
1105 5475 1940 5559 οιιιιιιιιι,18.·’Λν1ιιραξαιδὲπαμπληθιὶ,λέγοιτις·
1997 5523 1998 5536 .

226 5556 345 5631 cupide,
361 5559 393 5612 ut
408 5551 559 5612 nonnullis
575 5551 675 5608 rubori
690 5550 729 5607 sit
751 5549 841 5606 etiam
857 5552 965 5624 pudiea
979 5570 1052 5611 eon·
1105 5553 1173 5630 Alpe
1186 5555 1293 5622 τοῦτον,
1308 5553 1389 5618 Quod
1413 5554 1492 5611 idem
1510 5553 1540 5610 in
1561 5550 1651 5610 Panlo
1669 5553 1788 5610 aeeidit
1806 5558 1874 5614 Ant.
1889 5567 1944 5617 xrr,

222 5630 347 5700 junntin.
375 5649 390 5678 ιι
417 5627 472 5684 Sed
499 5624 624 5682 manime
650 5622 708 5679 buo
728 5619 797 5678 feeit
818 5620 900 5680 loeus
917 5625 1052 5710 origenis
1105 5627 1140 5682 36
1166 5620 1354 5689 εἨκολουθει
1401 5625 1433 5700 dp
1463 5620 1695 5693 abolitorem
1723 5621 1801 5680 λαοῦ
1832 5623 1942 5701 κρᾶζον·
1997 5641 1998 5654 ¹

223 5710 322 5758 eontra
345 5699 453 5757 Celsum
472 5696 522 5753 lib.
539 5713 559 5765 1,
580 5709 668 5767 quem
692 5708 760 5752 eum
787 5709 834 5750 ms
857 5695 988 5755 docuerit
1002 5695 1051 5754 lll-
1105 5645 1429 5768 1ιρια1ιὸι,οιωιιῖιο
1447 5697 1544 5770 magis
1556 5711 1626 5764 xxn,
1638 5696 1675 5750 22
1697 5709 1706 5749 r
1735 5696 1812 5770 Alpa
1827 5695 1884 5754 toi
1896 5698 1946 5765 τῆς

227 5771 416 5848 mehoratius,
440 5768 542 5844 religio
570 5771 616 5828 est
639 5781 746 5825 nomeu
768 5765 833 5839 ejus
856 5767 988 5828 retinere.
1018 5766 1051 5826 01
1105 5766 1354 5848 persistentem
1370 5767 1599 5848 ‹it-piperatum
1614 5763 1864 5842 «trimitania.

1123 1115 1235 1168 curare,
1263 1103 1329 1171 quia
1351 1101 1394 1157 dii
1416 1117 1472 1158 noo
1494 1109 1568 1171 runt,
1593 1101 1707 1168 colendi,
1731 1104 1756 1158 si
1781 1101 1896 1157 diuinitus
1997 1129 1998 1134 ι
