4134 6184
170 260 248 325 tiss
629 267 667 330 b.
689 267 739 330 ult
759 269 926 334 Nouelli
947 271 1271 338 cbsunvarloncs
1292 273 1420 336 ΝΟΜ.
1798 277 1878 340 iiiid

169 393 276 469 stipem
290 396 404 456 dicunt.
419 420 434 450 a
449 398 545 472 (Varr.
560 399 612 456 lib.
626 417 654 457 ιιι
667 400 701 460 dc
720 402 802 473 cens.
818 404 923 477 latim,
939 405 995 461 sub
1009 406 1036 474 Α
1051 407 1240 464 contendimus
1255 404 1375 478 (lustin.
1387 405 1496 478 ipolcq.
1529 407 1570 463 ud
1596 407 1717 480 intem).
1741 407 1780 464 ita
1807 426 1874 466 vero

168 483 231 558 tin).
247 487 442 552 Quamobrem
458 487 579 546 Ovidius
593 491 737 548 canebat:
1049 494 1159 552 ethnici
1175 493 1218 552 sic
1232 495 1418 568 fraudabant,
1432 518 1447 548 u
1463 501 1496 552 ut
1520 495 1544 554 si
1572 495 1698 568 ineatur,
1716 521 1730 548 s
1758 497 1873 556 Tertul-

1052 583 1121 640 liani
1143 586 1231 642 verba
1250 587 1330 654 suut,
1353 588 1522 657 «quantum
1552 585 1744 660 vectigalibus
1775 590 1875 660 percat

1049 672 1151 730 iraudc
1163 678 1192 730 ut
1202 673 1354 731 mendacio
1367 677 1531 730 vestrarum
1547 674 1774 747 professionum,
1791 676 1876 736 iacile

1049 762 1121 820 ratio
1135 762 1236 820 haberi
1248 764 1350 835 possit,
1368 762 1456 819 unius
1472 761 1578 835 speciei
1595 763 1713 837 querela
1734 781 1874 838 cumpon-

1048 855 1113 907 sats
1128 867 1179 924 pro
1190 854 1343 908 commodo
1359 856 1529 908 caeterarum
1547 851 1692 908 rationum
1709 875 1719 902 ι
1737 853 1871 926 (Tertnll.

1047 941 1199 1013 iqrcloqet,
1215 957 1278 1014 cap.
1292 941 1336 1014 to,
1352 957 1415 1014 pag.
1433 941 1506 1013 495).
1523 941 1565 998 lbi
1582 945 1659 998 certe
1681 943 1872 1014 professionis

1048 1030 1310 1103 nomenaocipitur
1339 1047 1388 1102 pro
1419 1029 1536 1103 publica
1559 1029 1703 1088 bonorum
1725 1031 1869 1101 omnium,

1047 1135 1112 1191 qum
1126 1119 1333 1193 unusquisque
1350 1119 1530 1192 possidebat,
1542 1119 1723 1193 expositione
1738 1137 1788 1176 seu
1819 1122 1870 1178 de·

1047 1209 1215 1266 claratione.
1232 1208 1287 1266 Sed
1310 1225 1367 1265 non
1391 1208 1460 1266 inde
1486 1207 1600 1266 tollitur
1619 1212 1679 1268 loia
1711 1210 1869 1268 difficultas

1046 1297 1224 1353 obscurioris
1239 1297 1362 1367 hujusce
1375 1297 1501 1368 phrasis,
1523 1314 1587 1370 qua
1612 1298 1723 1370 duplici
1739 1299 1825 1356 modu
1854 1317 1872 1356 a
1942 1365 1947 1382 .

1045 1385 1247 1458 sagacioribus
1263 1384 1561 1458 explicetur.0uidam
1578 1387 1656 1444 enim
1673 1391 1777 1458 putant
1791 1388 1870 1444 bunc

1045 1489 1110 1532 esse
1125 1473 1298 1530 Tertulliani
1314 1489 1433 1530 sensum
1450 1492 1457 1530 ι
1473 1475 1498 1530 si
1514 1475 1712 1548 perpendatur
1725 1482 1869 1547 quantum
1915 1551 1919 1560 1

245 619 367 672 (Ξοιιιιιὶιι
385 635 422 672 aas
436 623 567 687 populns:
585 623 618 674 de
633 637 688 687 quo
703 623 814 675 delubra
830 625 954 678 Metallos

259 681 341 748 Fecit,
358 685 412 735 ait:
428 685 525 737 daudoe
540 700 598 736 mos
612 689 689 751 stipis
703 686 766 738 iude
783 692 886 739 manat.

527 757 603 810 orit.
618 758 666 810 lib.
680 773 706 809 ιι
720 759 824 810 Foster.
840 764 852 822 ᾖ
867 761 904 824 i.)

163 875 360 952 Etbnioiergo
390 880 536 954 sistipam
565 881 684 954 templis
712 901 769 939 non
799 885 917 953 dabant,
935 902 993 942 nou

164 965 261 1024 minus
277 973 354 1025 certe
382 987 471 1042 quam
495 971 653 1028 Christiani
682 971 719 1028 iis
742 973 889 1030 iaciebant
904 975 995 1031 detri-

165 1059 312 1112 mentum.

199 1146 353 1203 instabant
366 1147 502 1221 gentiles,
527 1152 616 1220 atque
636 1154 668 1206 ut
692 1149 732 1206 ait
753 1152 907 1219 irnobius,
923 1170 992 1210 con-

159 1233 299 1305 jectores,
315 1236 411 1305 arioli,
433 1241 515 1294 vates
539 1241 568 1294 et
582 1237 632 1294 aiii
656 1239 842 1297 amarissime
858 1242 991 1316 deplora·

161 1321 233 1378 hant
259 1322 291 1379 iu
322 1324 438 1398 templis
467 1325 530 1383 suis
557 1329 702 1384 raritatem
727 1330 848 1402 (arnob.
879 1331 992 1389 lib..1r

160 1409 265 1468 mucra.
280 1414 379 1486 uenti,
395 1432 428 1471 ac
451 1431 504 1472 neo
527 1417 649 1488 exiguas
665 1417 784 1490 quidem
800 1419 892 1492 stipes
905 1436 991 1492 posse

160 1501 395 1573 apsucissimie
423 1504 644 1562 consultoribus
672 1509 849 1579 extorqueri.
878 1510 990 1568 Scimus
1116 1565 1122 1577 ,
1354 1564 1360 1576 .
1439 1565 1445 1577 .
1522 1565 1529 1578 .

160 1588 280 1660 quidem
294 1589 423 1647 plinium
448 1594 615 1650 Secundum
644 1595 673 1650 in
701 1612 756 1652 m
777 1597 989 1669 &dijunum
1044 1564 1296 1637 gentilesmalum
1321 1564 1488 1637 reipublicae
1522 1569 1690 1640 importent,
1715 1566 1814 1640 [raude
1841 1575 1869 1625 st

159 1675 369 1749 imperatorem
393 1680 518 1754 epistola
541 1683 698 1757 scripsisse
719 1685 828 1758 templa
852 1690 881 1742 et
906 1704 990 1745 saera
1041 1657 1184 1714 mudum
1198 1655 1521 1756 pms⁶⁸⁸ifm²⁴mssbid⁰>i
1538 1656 1598 1713 me
1620 1655 1695 1712 salsa
1720 1655 1866 1758 h⁰¹ff⁰r¹fm

160 1765 306 1824 selamin
331 1769 454 1840 uoepim
482 1787 535 1828 suo
563 1775 695 1846 temporo
724 1775 825 1846 repeti.
853 1775 987 1832 Totidem
1003 1781 1027 1850 B
1043 1761 1165 1802 suorum
1180 1743 1388 1813 declaratione,
1401 1746 1554 1800 contestrm
1568 1744 1614 1800 vel
1629 1744 1683 1800 hac
1696 1761 1866 1816 speciemve

159 1854 238 1910 enim
254 1859 314 1913 bec
328 1855 410 1914 illius
425 1857 513 1916 verba
535 1859 682 1932 legimus:
699 1885 713 1914 «
730 1863 812 1919 Certe
826 1865 900 1921 satia
915 1881 986 1921 con·
1042 1833 1099 1938 ¹¹⁰⁰,
1112 1833 1174 1891 ⁸⁰¹⁰
1198 1831 1331 1934 ⁶¹⁰mpi⁰
1360 1836 1536 1934 ⁸3¹¹⁰⁸⁰⁰fur
1548 1831 1631 1934 ,fund
1655 1833 1776 1936 fmf'um
1800 1850 1865 1892 ⁰⁵⁸⁰
1943 1897 1946 1904 ¹

158 1948 218 2000 stat
233 1961 322 2019 prope
335 1946 396 2016 jam
412 1948 544 2004 desolate
565 1951 677 2023 templa
697 1953 820 2024 caepisse
834 1953 985 2026 celebrari,
1041 1939 1149 1996 ¹¹¹⁸J¹¹⁸’
1165 1922 1407 1995 qmmqu'dqu'd
1424 1921 1494 1977 Μ
1518 1920 1583 1976 ⁸¹¹¹⁵
1607 1924 1770 1980 mmmmm
1798 1925 1866 1981 ψ’

157 2037 187 2087 et
200 2049 284 2089 sacra
299 2033 442 2092 solemnia
457 2035 507 2092 diu
522 2037 694 2096 intermissa
708 2041 986 2115 repati,paesimqua
1040 2018 1120 2116 mnf·
1137 2012 1192 2113 ,Alii
1206 2027 1256 2066 Μ
1258 2029 1274 2068 ⁰
1289 2010 1461 2067 ‘remmam
1478 2015 1606 2068 mntem
1627 2011 1670 2067 ⁸i⁰
1696 2012 1861 2112 explifanu

155 2122 255 2178 mim
269 2123 414 2196 viatim,
430 2141 557 2198 quarum
572 2128 670 2184 adhuc
685 2128 857 2187 missimus
871 2137 986 2203 emptor
1040 2099 1289 2157 Christrenltanta
1303 2115 1371 2155 cura
1386 2103 1526 2171 tantaque
1542 2099 1598 2154 iuis
1609 2099 1726 2156 solvunt
1740 2101 1862 2172 tributa,

155 2209 361 2268 inveniebatur
377 2235 387 2262 ,
405 2214 491 2289 (pun.
517 2213 568 2271 lib·
584 2232 612 2286 χ,
639 2217 725 2290 epm·
748 2218 809 2284 101,
826 2235 892 2292 pag·
909 2220 983 2292 376).
1039 2190 1158 2263 quantis
1169 2189 1244 2246 dolis
1259 2205 1292 2244 ac
1303 2187 1465 2244 mendaciis
1479 2187 1662 2259 agentriihus
1677 2189 1860 2258 fraudantur,

155 2297 213 2356 Sed
229 2301 308 2372 quad
324 2302 433 2359 latetur
447 2303 677 2377 propedeeulata
693 2305 784 2363 iuissa
799 2307 983 2365 ethnicorum
1038 2279 1364 2380 h⁰⁰q¹¹⁰⁸⁰¹⁰⁰¹⁰mp¹,⁰
1378 2278 1626 2379 pla¹¹⁶⁰⁰⁰f¹⁰itf¹f
1640 2279 1859 2350 mmmmm

154 2387 310 2462 tempiset
336 2406 430 2463 sacra,
451 2391 506 2448 hoc
533 2393 723 2452 vsmssimnm
748 2400 802 2452 est.
818 2396 899 2462 Quod
914 2415 983 2457 vem
1038 2386 1103 2426 esse
1119 2369 1222 2425 horum
1236 2371 1271 2425 de
1282 2367 1514 2424 Christianorum
1526 2366 1685 2422 inutilitate
1693 2367 1860 2439 quarelam3

153 2477 309 2551 subjungit
330 2477 381 2534 illa
408 2483 531 2554 coepisss
560 2483 662 2555 repeti,
692 2484 739 2542 his
767 2487 863 2542 verbis
884 2489 983 2561 inepte
1037 2459 1107 2532 ‘³⁰³⁸
1125 2456 1402 2530 νθῦᾒῧαῃωωήε
1430 2455 1570 2512 ‘'mnibu'
1598 2457 1765 2512 mmmm
1793 2473 1863 2529 Μ’

154 2565 499 2640 αάυιαωωιΤΜ-ωο,
515 2573 601 2644 cuju„
615 2571 800 2630 elementiam
824 2577 931 2646 perf„
953 2584 983 2636 οἱ
1037 2546 1154 2618 debent,
1171 2563 1203 2603 ac
1226 2545 1250 2601 si
1275 2547 1345 2618 quid
1368 2543 1487 2600 aliunde
1514 2544 1651 2600 afferrent
1678 2544 1858 2615 detrimenti,

153 2655 237 2712 naias
264 2655 402 2714 extollere
428 2658 553 2716 volebat.
583 2660 658 2719 llam
686 2667 835 2719 crescente
857 2682 981 2724 numero

155 2743 401 2814 Christianorum,
413 2747 513 2804 minus
524 2748 785 2820 trequentcbautur
796 2752 981 2813 ethnicorum

153 2831 266 2905 templa
280 2833 438 2907 minusque
452 2834 607 2909 vectigalia
622 2837 821 2896 solvebantur.

190 2919 390 2979 Tertullianus
401 2923 499 2996 itaque
513 2925 542 2980 id
555 2924 633 2983 ultro
647 2927 763 2994 letatum
779 2932 809 2985 et
822 2929 980 3000 gentilibus

157 3009 258 3066 1081
303 3005 461 3084 respondet
501 3018 766 3089 quantumcunque
793 3017 881 3075 inerit
906 3020 979 3077 iliud

1035 2643 1210 2699 emissurum,
1227 2649 1292 2706 quas
1306 2632 1441 2688 indicates
1452 2637 1533 2700 sunt,
1552 2633 1692 2687 rationum
1720 2634 1860 2691 commodo

1036 2723 1147 2779 aliatim
1162 2722 1419 2794 compensabatur.
1434 2722 1471 2775 et
1485 2735 1555 2776 sans
1570 2720 1593 2776 si
1605 2721 1645 2777 ibt
1661 2721 1858 2780 Tertullianus

1035 2811 1168 2867 ethnicos
1179 2827 1237 2867 non
1248 2810 1397 2881 componit
1416 2823 1484 2866 cum
1496 2807 1681 2878 Christianis,
1699 2810 1794 2881 potior
1816 2810 1860 2866 vi·

1035 2902 1122 2958 detur
1137 2901 1232 2973 prima
1251 2899 1462 2972 interpretatio,
1481 2915 1540 2970 qua
1560 2898 1708 2971 colligitur
1735 2897 1800 2957 illos
1821 2901 1858 2956 de

1036 2987 1124 3045 allato
1139 2989 1176 3045 ab
1191 2989 1237 3045 hia
1253 2987 1420 3062 reipublice
1440 2989 1548 3043 damno
1561 3003 1682 3059 prorsus
1710 2986 1858 3044 immerito

152 3098 309 3169 damnum,
323 3117 341 3156 a
353 3100 527 3160 Christianis
542 3102 800 3166 abunderastitui.
827 3105 886 3164 Nos
900 3110 979 3166 enim
995 3149 1017 3216 G
1035 3077 1256 3150 ⁶¹P⁰⁸²¹¹¹⁰⁵⁸⁰3
1272 3077 1508 3180 fimumqufdem
1525 3076 1603 3133 alind
1620 3077 1727 3176 mim.
1746 3077 1857 3134 b⁰⁰¹¹m

152 3203 210 3244 non
237 3187 415 3259 wffioimus,
445 3189 553 3262 inquit,
578 3214 593 3244 a
618 3195 647 3248 et
670 3192 839 3252 hominibus
868 3201 898 3253 a,
923 3197 980 3256 diis
1035 3168 1234 3224 conterebant.
1251 3167 1281 3223 Sa
1301 3183 1367 3222 vsrc
1396 3165 1437 3221 rbr
1458 3171 1597 3236 utrosque
1620 3165 1804 3222 Christranos
1829 3169 1858 3222 ct

150 3275 258 3332 vestris
272 3277 508 3336 mendicantibus
525 3295 611 3352 opem
627 3281 702 3338 terre
717 3304 732 3332 a
758 3282 892 3355 (Tertull.
908 3287 979 3359 ripo-

150 3364 246 3434 toust,
262 3381 326 3438 cap.
342 3367 388 3434 ⁴2,
404 3382 433 3438 p.
445 3367 518 3441 iti).
536 3369 658 3436 Hccsst,
672 3372 772 3428 omnia
786 3372 864 3430 bona
880 3381 980 3434 nostra

150 3469 314 3526 omnesque
329 3460 435 3512 nostra
450 3455 605 3514 iacuitatss
615 3474 674 3516 non
684 3459 885 3530 suidoiuut,ut
900 3480 979 3522 meu·

150 3541 321 3600 dicentibus
335 3544 452 3613 vestris,
477 3561 545 3601 oum
569 3546 638 3615 diis,
657 3551 721 3605 tum
746 3549 927 3618 huminibus,
943 3554 979 3611 ds

149 3631 262 3703 quibus
277 3631 348 3688 alibi
377 3634 494 3692 anobis
508 3639 608 3692 notum
637 3643 683 3694 est
705 3640 790 3707 (tom.
819 3639 977 3713 licuerat.

150 3734 221 3792 pag.
235 3720 311 3790 teet,
326 3737 411 3793 opem
440 3723 580 3781 ieramus.
609 3724 642 3780 in
669 3725 978 3800 aerariumargctem·

150 3807 269 3880 plorum
283 3814 458 3882 vestrorum,
470 3811 501 3868 in
516 3829 581 3886 qum
590 3829 644 3870 nos
656 3813 808 3870 vobiscum
824 3817 978 3875 convenire

149 3895 235 3952 usias
249 3902 304 3964 est,
318 3898 373 3954 etsi
384 3898 610 3974 nullamstipsm
619 3904 777 3974 jactamus,
794 3902 865 3960 alibi
878 3911 977 3962 tamen

148 3985 332 4058 quibuslibet
346 3989 513 4060 petentibus
535 3990 644 4064 sapius
666 3995 695 4048 st
717 3988 803 4066 longe
821 3992 975 4052 abuudan-

147 4071 211 4130 tius
236 4091 301 4131 eam
323 4074 511 4149 impartimur
532 4079 654 4153 (iiiam.
684 4081 716 4137 im
741 4083 846 4140 itiner.
870 4082 975 4157 Ouium,

147 4162 274 4236 capio,
299 4168 353 4222 art.
379 4165 436 4238 30).
452 4165 520 4226 Plus
547 4168 706 4240 enimvero,
737 4170 778 4226 ait
800 4169 860 4241 illa,
882 4178 978 4232 nostru

146 4251 340 4310 misericordia
356 4255 472 4311 insumit
486 4258 612 4330 vicatim,
625 4273 677 4316 aen
695 4259 781 4332 plura
795 4259 976 4333 quibuslibet

145 4356 200 4412 per
214 4339 294 4399 vicos
308 4347 337 4398 ei
352 4344 413 4400 vias
424 4344 577 4402 civitatum
589 4347 825 4406 mendicantibus
839 4349 974 4424 largitur,

145 4446 231 4500 quum
246 4440 337 4488 uestra
359 4432 457 4504 reiiqic
480 4432 639 4507 templatim
663 4436 797 4510 (Tertull.
824 4437 880 4496 icc.
900 4441 974 4514 cit),

144 4517 207 4574 sive
222 4517 253 4574 iu
266 4518 393 4592 singulis
408 4520 528 4596 templis
543 4525 648 4581 vestris
664 4525 777 4582 tribuit.

179 4606 291 4664 Deinde
305 4624 372 4665 vero
388 4610 550 4684 vectigalis,
576 4611 612 4669 ab
634 4613 863 4686 imperatoribus
878 4615 971 4691 impo-

141 4695 214 4764 sita,
229 4694 388 4754 Christiani
403 4698 498 4756 multo
512 4701 624 4772 majore
636 4717 716 4770 cura,
731 4707 760 4759 et
775 4703 888 4762 meliori
903 4706 970 4779 ilde,

141 4800 234 4856 quam
245 4784 370 4859 gentiles
385 4787 546 4846 solvebant.
559 4790 634 4856 Quin
644 4791 733 4848 stiam
743 4791 804 4849 bec
814 4795 969 4864 nectiqulic,

140 4873 251 4945 inquit,
270 4896 281 4925 ι
299 4875 410 4949 gratias
429 4882 518 4950 agent
542 4878 717 4938 Christianis
731 4897 765 4938 ex
789 4882 847 4938 irde
862 4885 969 4956 depen-

140 4961 281 5020 dentibus
297 4965 441 5034 dchitum,
466 4984 523 5039 qua
543 4966 637 5026 alieno
662 4969 825 5028 insudando
841 4971 971 5030 abstine·

139 5067 210 5107 mus
227 5075 238 5102 ι
257 5051 365 5124 (told).
384 5054 530 5113 Noverunt
553 5057 660 5131 quippe
686 5058 757 5115 illud
773 5059 881 5116 Christi
897 5078 970 5133 prae·

138 5142 278 5211 ceptum:
295 5141 407 5200 Reddite
426 5160 486 5217 queo
509 5155 577 5203 sunt
598 5149 716 5205 cesaria
744 5148 849 5207 Gusuri
863 5149 969 5222 (buitim

136 5243 211 5297 xxrr,
227 5228 283 5298 21).
300 5235 395 5304 Atque
410 5232 479 5290 iude
492 5233 629 5292 lustinus
652 5237 760 5312 Martyr
775 5238 902 5296 ethnicis
918 5256 968 5313 pa·

137 5314 198 5373 lum
221 5315 478 5396 dicebatzudpocs
503 5321 549 5378 καὶ
579 5323 706 5403 ιὶσφορᾶς
730 5330 790 5390 τοῖς
820 5326 863 5406 ὑφ’
893 5327 969 5402 ὑμῶν

76 5467 79 5472 ,
136 5404 319 5480 τεταγμένοις
343 5414 484 5486 πανταχοῦ
512 5413 565 5489 πρὸ
596 5411 703 5470 πάντων
729 5415 886 5493 πειρώμιθα
914 5417 970 5494 φέ-

137 5513 207 5568 ρειν,
230 5495 377 5568 lenticulis
399 5516 467 5558 sune
487 5505 512 5558 et
538 5504 698 5562 collationes
722 5508 771 5578 cis,
788 5509 839 5580 qui
861 5510 969 5566 euobis

135 5591 202 5642 sunt
215 5583 339 5646 ordinate
359 5591 532 5650 cuccmriius
544 5610 604 5668 pru
614 5595 739 5654 omnibus
750 5595 850 5670 utique
865 5599 971 5670 inferre

1034 3255 1160 3326 gentiles
1175 3255 1278 3312 1088
1288 3255 1365 3310 inter
1379 3269 1410 3310 se
1425 3252 1559 3318 contulit,
1585 3253 1746 3309 secundam
1768 3269 1856 3326 expo·

1034 3344 1170 3400 altionem
1188 3345 1334 3417 preterea,
1348 3357 1461 3415 paruos
1476 3340 1552 3397 licet.

1068 3433 1209 3490 Ceteram
1227 3433 1485 3489 uthuctcrnostsr
1498 3430 1631 3486 ethnicos
1647 3430 1779 3502 pressius
1808 3447 1856 3487 ur-

1033 3526 1103 3592 gant
1121 3521 1225 3594 (idem,
1247 3520 1338 3592 ibid),
1366 3519 1426 3576 illia
1455 3517 1532 3575 uitro
1556 3518 1688 3574 concedit
1712 3518 1856 3590 quosdam

1032 3610 1109 3680 apud
1121 3626 1172 3665 eos
1183 3609 1313 3682 reperiri,
1331 3607 1380 3679 qui
1397 3608 1433 3664 ds
1458 3607 1703 3676 Christianorum,
1731 3611 1764 3662 ut
1794 3606 1857 3678 ipse

1033 3697 1083 3768 ait,
1100 3699 1253 3755 sterilitate
1267 3698 1532 3768 conquerebantur.
1548 3695 1604 3752 Sed
1620 3696 1752 3766 quinam,
1779 3694 1857 3751 Deus

1031 3785 1358 3855 hone,hiarcnt?Ncn
1388 3785 1437 3841 alii
1468 3786 1608 3856 proiecto,
1640 3784 1695 3839 nisi
1722 3783 1857 3840 homines

1031 3873 1148 3944 perditi,
1165 3874 1227 3930 suis
1241 3872 1321 3930 vitiis
1343 3878 1373 3929 et
1396 3873 1556 3928 sceleribus
1586 3872 1722 3936 iniamus,
1747 3873 1856 3942 quibus

1031 3977 1084 4016 uec
1095 3959 1219 4034 placare,
1237 3977 1289 4018 nec
1304 3962 1399 4017 lavere
1411 3976 1529 4016 summa
1550 3964 1595 4016 ast
1606 3957 1774 4029 reipublicae
1800 3959 1855 4013 uti-

1031 4048 1110 4105 litas.
1125 4049 1280 4120 Triplicem
1297 4057 1393 4104 autam
1415 4064 1466 4104 sos
1477 4045 1636 4119 distinguit
1663 4047 1691 4101 in
1717 4043 1854 4113 classem,

1030 4152 1154 4210 quornm
1167 4139 1263 4211 prima
1277 4143 1340 4193 erat
1359 4136 1600 4210 turpissimorum
1622 4133 1753 4191 netandae
1783 4131 1853 4188 libi·

1030 4227 1109 4284 dinis
1123 4227 1338 4292 ministrorum,
1355 4226 1406 4296 qui
1422 4227 1457 4281 ab
1469 4224 1520 4280 iilo
1535 4219 1721 4295 appellantur
1740 4222 1854 4278 lenones

1028 4317 1212 4389 perductores,
1234 4317 1387 4388 aquarioli.
1412 4314 1491 4370 Duce
1523 4319 1622 4369 autem
1640 4313 1751 4384 priores
1775 4325 1854 4367 corn·

1030 4409 1173 4462 memorat
1185 4405 1293 4474 cicero,
1306 4404 1355 4461 ubi
1371 4408 1471 4459 contra
1486 4401 1605 4457 Verrem
1622 4401 1665 4456 sic
1693 4397 1850 4455 invehitur.

987 4519 1013 4584 D
1030 4517 1044 4546 a
1057 4495 1229 4552 Sileaturde
1246 4494 1396 4551 nocturnis
1410 4493 1474 4562 ejus
1502 4487 1745 4547 bacchationibus
1764 4494 1794 4544 st
1814 4489 1854 4543 vi·

1027 4583 1126 4656 giliis:
1156 4583 1307 4653 lenonum,
1336 4582 1509 4648 aleatorum,
1535 4579 1741 4650 perductorum
1772 4575 1853 4633 nulla

1026 4673 1138 4730 mentio
1154 4673 1205 4729 flat
1222 4693 1235 4724 n
1246 4672 1348 4745 (cicer,
1366 4671 1417 4726 lib.
1434 4687 1453 4725 n
1464 4671 1495 4725 in
1512 4673 1607 4733 verr,
1621 4681 1687 4738 pag.
1697 4665 1743 4734 68,
1756 4665 1848 4736 iin.3).
1917 4696 1924 4706 ·

1027 4763 1158 4818 Lenones
1167 4778 1238 4818 voro
1254 4761 1369 4816 inierat
1385 4759 1574 4831 perductores
1590 4755 1720 4811 hocerat
1745 4754 1852 4809 discri-

1026 4867 1106 4917 men,
1120 4851 1198 4922 quod
1208 4849 1292 4922 primi
1305 4848 1443 4904 mulieres
1458 4863 1516 4902 non
1530 4844 1718 4912 reluctantes,
1728 4842 1850 4900 secundi

1025 4939 1182 4997 invitusad
1199 4945 1334 5012 stuprum
1352 4937 1540 4993 adducerent.
1553 4935 1735 5005 Quapropter
1745 4929 1852 4988 cecinit

1026 5028 1182 5084 Horatius:

1088 5160 1215 5225 Laudato,
1232 5161 1363 5210 enodator
1376 5157 1422 5217 sit,
1438 5171 1502 5207 cara
1517 5160 1543 5208 te
1556 5169 1586 5206 rc
1606 5157 1633 5204 st
1646 5153 1724 5205 ultra.

1087 5221 1248 5286 Penelopam
1264 5221 1349 5270 tacitis
1364 5221 1461 5283 potiori
1473 5219 1558 5270 trade.
1599 5222 1694 5290 utasna

1090 5285 1204 5336 Parduci
1218 5285 1316 5348 poterit
1327 5289 1381 5333 tam
1396 5283 1594 5348 mugitumque
1609 5281 1718 5344 pudica.

1226 5365 1329 5426 (itcrat.
1345 5363 1391 5414 lib.
1406 5375 1434 5425 rr,
1451 5361 1525 5414 satir.
1538 5365 1562 5424 5,
1577 5375 1603 5411 r.
1618 5363 1647 5411 75
1663 5361 1690 5410 st
1703 5367 1787 5422 seqq.)

1023 5509 1162 5583 Ejusdem
1176 5507 1275 5565 larinas
1290 5511 1373 5564 eraut
1387 5505 1537 5579 upeurtott,
1554 5503 1614 5577 qui,
1630 5505 1662 5558 ut
1675 5499 1718 5558 ait
1731 5499 1846 5565 Festus,

1022 5599 1184 5658 dicebantur
1196 5599 1348 5656 mulinum
1361 5594 1576 5672 impudicarum
1603 5587 1707 5650 sordidi
1734 5585 1847 5646 assecla
