4152 6192
189 295 267 358 tttr
571 250 573 260 ’
717 295 832 359 noun
853 297 867 358 1
889 290 940 360 na
961 298 1092 362 onero
1114 296 1366 365 rnutntnnu.
1816 276 1897 372 t'tts

190 427 264 483 duos
279 425 385 499 psalmi
399 431 429 483 et
455 425 567 500 hymni,
583 431 612 484 et
631 431 735 484 mutuo
760 433 928 500 provocant,
945 430 1012 502 quis
1027 437 1055 501 Α
1068 431 1161 502 ganda
1183 433 1268 490 nobis
1292 433 1428 506 reliquit;
1446 434 1507 491 hsao
1533 434 1587 493 tibi
1613 451 1748 512 suggere,
1772 441 1798 497 sl
1821 457 1897 514 opus

191 515 297 573 melius
321 519 377 572 Deo
401 532 455 573 suo
474 519 582 572 cantet.
599 515 682 573 'tntis
704 516 839 573 Christus
862 517 964 575 videus
988 524 1017 576 et
1071 519 1175 589 luerit;
1192 520 1239 578 ltis
1262 525 1291 578 te
1316 523 1353 578 ab
1376 525 1518 597 exemplis
1541 527 1743 599 quarumdam
1769 529 1896 590 relleote.

191 604 315 661 audiens
327 605 445 677 gaudet,
461 603 508 660 his
523 620 625 677 paoem
641 621 726 661 sunm
752 605 842 662 mittit
854 623 861 673 ;
875 606 926 664 ubi
946 607 1015 679 duo,
1070 613 1133 665 Non
1159 610 1227 667 lieet
1249 610 1335 668 aliter
1360 611 1497 670 lidelibue
1521 615 1632 674 nubere
1647 617 1679 688 ⁸⁸,
1695 620 1724 674 et
1745 617 1771 674 si
1785 617 1896 692 liceret,

191 693 233 749 ibi
247 697 277 750 et
289 691 373 764 ipae;
390 693 439 749 ubi
455 698 484 750 et
507 693 581 767 ipse,
596 693 637 749 ibi
652 699 681 749 et
695 693 792 751 malus
807 710 863 750 non
880 698 934 751 est.
952 695 1017 751 Haec
1071 714 1130 754 non
1146 698 1294 772 expediret
1309 700 1377 774 (72).

193 785 264 838 sunt
278 798 342 855 qua
366 781 496 855 Apostoli
511 799 566 839 vox
580 781 630 839 illa
645 783 699 839 sub
719 781 859 840 brevitate
874 784 896 819 ³⁷
911 782 1016 840 intelli·

906 898 1008 960 Variae
1023 898 1184 962 lectiones.

231 1004 253 1040 ⁸⁷
267 1003 312 1062 tt.
328 1002 519 1077 benignitate.
556 1005 578 1042 ⁸⁸
593 1005 655 1075 Rip.
672 1004 737 1064 l'id.
756 1004 867 1064 nubere
883 1022 890 1062 ι
906 1021 965 1061 non
981 1005 1108 1078 expedit.

911 1124 1175 1188 Commentarius.

227 1227 284 1300 (72)
299 1230 357 1286 lton
372 1227 457 1286 olitcr
470 1229 532 1285 lieet
548 1227 685 1298 fidelibus
697 1229 810 1297 natm,
825 1243 882 1284 aea
895 1228 1017 1300 expedit.
1073 1229 1157 1302 gines
1171 1229 1392 1299 censuerant
1406 1237 1477 1290 aetes
1492 1233 1523 1288 ln
1539 1233 1608 1292 llore
1622 1239 1752 1307 tumens,
1769 1238 1799 1296 in
1814 1240 1900 1298 adul·

192 1302 289 1356 &non
303 1303 322 1356 6
336 1301 451 1358 concilii
473 1301 653 1357 Arelatensis
669 1317 678 1356 1
695 1317 702 1356 ε
719 1323 733 1352 ι
750 1301 790 1356 lle
815 1299 922 1373 puellis
948 1301 1016 1357 lide·
1072 1303 1146 1358 terio
1162 1303 1268 1358 anima
1283 1303 1453 1362 resolvatur.
1472 1327 1486 1356 n
1501 1306 1683 1364 Adulterium
1699 1310 1803 1368 anima
1828 1313 1900 1371 dicit

191 1369 1018 1445 libusqamgentilibusjunguntur,placuitutaliquauto
1073 1373 1110 1430 do
1126 1391 1213 1430 uxore
1236 1373 1401 1432 tibristiana
1424 1393 1488 1448 qua
1510 1392 1601 1435 suasu
1614 1383 1643 1435 et
1664 1381 1783 1439 hortatu
1799 1384 1899 1442 mariti

191 1447 321 1516 tempore
337 1445 573 1502 aeommnnione
594 1448 777 1516 separentur.
795 1444 969 1500 »Eteonon
986 1446 1020 1500 15
1073 1445 1183 1502 etbnioi
1198 1447 1282 1516 quasi
1305 1445 1450 1504 lenocinio
1469 1448 1593 1521 pellecta
1615 1452 1736 1510 divortit
1750 1471 1767 1510 a
1782 1453 1899 1515 Christo

192 1530 273 1570 conc.
283 1515 452 1573 illiberitani
465 1533 471 1572 :
484 1537 498 1568 s
510 1517 631 1589 Propter
641 1515 753 1587 copiam
765 1513 930 1588 puellarum
945 1531 1019 1588 gen·
1073 1517 1110 1574 ad
1126 1517 1277 1575 Satanam.
1293 1521 1352 1574 Cre.

191 1585 293 1643 tilibus
309 1587 430 1644 minime
454 1587 483 1643 in
505 1587 725 1645 matrimonium
750 1587 853 1644 dando
877 1591 947 1643 eunt
962 1587 1018 1642 vir·

216 1953 377 2156 e.
445 1954 722 2120 serr.
785 1951 1076 2122 neon.
1141 1957 1813 2132 rennuentem

192 2273 305 2396 DE
364 2271 652 2396 CULTU
707 2269 1265 2395 FEMINARUM
1323 2272 1583 2400 LIBRI
1627 2277 1893 2408 DUO‘t.

839 2623 1001 2712 LlBlllt
1033 2623 1256 2715 PRIMUS·

236 2975 432 3028 tnanusnrott.
448 2965 566 3026 -cun
581 2966 736 3024 serissima
750 2966 883 3022 adversus
896 2965 1070 3022 Christianos
1085 2967 1224 3022 Castrum
1239 2966 1332 3024 edicte
1343 2973 1463 3024 mortem
1482 2967 1530 3025 ilis
1543 2970 1669 3041 quotidie
1683 2972 1900 3046 impendentem

195 3063 406 3128 minitarentur,
422 3056 615 3114 Tertullianus
629 3057 665 3111 ad
678 3056 902 3112 montanismum
913 3055 974 3126 jam
990 3055 1144 3126 inclinans,
1162 3061 1192 3110 ut
1206 3055 1382 3113 Christianae
1397 3057 1481 3114 etiam
1497 3058 1640 3130 mulieres,
1656 3077 1718 3136 quas
1733 3065 1854 3136 gentile,
1871 3070 1902 3127 tn

193 3150 272 3208 cultu
288 3146 414 3218 corporis
426 3151 453 3200 et
467 3144 534 3200 luxu
550 3142 655 3199 imitari
671 3157 728 3199 non
745 3141 923 3214 serebantur,
940 3145 975 3198 ad
993 3145 1158 3213 martyrium
1173 3143 1330 3214 expeditius
1345 3153 1524 3216 properaret,
1534 3147 1605 3206 duos
1620 3147 1707 3208 libros
1716 3151 1842 3212 decultu
1857 3157 1902 3213 ts.

198 3239 342 3296 mineram
357 3233 536 3304 conseripsit,
551 3232 582 3288 in
598 3231 700 3302 quibus
715 3232 838 3288 ostendit
851 3246 881 3288 se
895 3246 999 3302 eorpus
1013 3231 1117 3297 colere,
1144 3233 1219 3303 quod
1243 3233 1377 3290 omnibus
1403 3236 1555 3292 momentis
1566 3253 1617 3307 pro
1633 3238 1743 3298 Christo
1757 3243 1901 3314 perditum

196 3326 268 3384 telle
282 3324 413 3382 debeant.
429 3323 507 3380 Unde
521 3320 657 3378 acerbum
671 3319 703 3377 iu
718 3319 776 3376 illis
791 3320 924 3377 muliebri
939 3321 1047 3376 mundo
1063 3321 1211 3389 repudium
1227 3321 1337 3378 scribit.

231 3410 376 3471 Nonnulla
390 3411 523 3483 prointus
537 3410 573 3466 de
589 3409 667 3480 lapsu
686 3409 717 3465 in
741 3412 796 3464 ura
821 3409 984 3475 muliorum,
1007 3408 1133 3481 indeque
1153 3425 1267 3465 summe
1290 3409 1361 3480 ipsis
1385 3410 1571 3469 incumbente
1593 3413 1762 3487 inutilitate,
1793 3420 1902 3478 cultum
1993 3425 1995 3430 '

196 3503 366 3560 muliebrem
381 3501 504 3558 ostendit
518 3516 534 3553 a
549 3499 679 3556 damone
692 3499 890 3570 constitutum,
907 3497 1116 3570 vanitatemque
1130 3498 1265 3570 describit
1278 3498 1351 3571 auri,
1367 3501 1476 3571 argenti
1486 3517 1722 3577 gemmarumque
1736 3505 1767 3564 in
1777 3510 1902 3568 restibus

196 3591 387 3650 rutilantium.

230 3681 302 3737 Tum
318 3679 347 3735 in
364 3677 511 3748 posteriori
526 3675 598 3731 libro
613 3675 716 3732 acriter
730 3676 828 3730 asserit
843 3672 987 3740 mulieres,
1002 3683 1134 3732 ornatum
1150 3682 1288 3746 amantes,
1304 3676 1398 3733 odisse
1411 3678 1589 3745 castitatem
1605 3696 1659 3738 neo
1673 3681 1761 3740 alium
1777 3686 1900 3745 ancillas

196 3771 247 3827 Dei
259 3771 358 3825 tleoero
373 3767 492 3832 cultum,
510 3772 610 3836 prater
625 3763 784 3834 simplicem
801 3763 968 3818 munditiem
982 3780 988 3830 3
1010 3779 1102 3834 neque
1117 3765 1147 3820 in
1162 3779 1248 3820 carne
1261 3765 1455 3835 gloriandum,
1471 3766 1528 3822 nisi
1540 3783 1605 3824 oum
1621 3778 1734 3842 propter
1754 3773 1898 3834 Christum

196 3859 347 3926 laceratur,
362 3856 481 3912 omnino
496 3855 611 3910 dentum
626 3853 685 3908 lore
703 3852 836 3908 vitandos
851 3851 929 3908 lucos
940 3856 967 3907 et
982 3851 1136 3924 pigmenta,
1152 3851 1377 3924 capillorumque
1391 3854 1580 3925 calamistros,
1596 3864 1619 3914 ct
1637 3859 1798 3931 collyrides,
1814 3861 1899 3937 lapil-

196 3947 238 4005 los
252 3945 373 4004 vestium
390 3959 423 4002 ao
439 3943 597 4015 variegatos
616 3941 735 4010 colores,
753 3956 788 3998 ne
803 3941 909 4012 spatha
927 3941 1018 3996 ullum
1032 3940 1126 3998 locum
1141 3942 1187 3998 det
1202 3955 1304 4011 corpus
1327 3941 1541 4014 margaritarum
1561 3948 1833 4024 smaragdorumque
1855 3953 1900 4012 la-

197 4036 277 4108 queis
291 4037 472 4105 oceupetom.
493 4042 564 4086 uon.
580 4045 615 4086 ax
630 4030 662 4085 l).
677 4031 821 4086 Senatus.

463 4311 583 4369 CAPUT
602 4311 758 4369 PRIMUM.
1038 4319 1063 4384 Β
1077 4311 1286 4368 circumferens
1298 4311 1387 4367 ilvam
1404 4310 1553 4384 lugentem
1568 4316 1597 4369 ot
1622 4315 1829 4391 pmnltentem;
1845 4338 1903 4392 quo

233 4404 263 4462 Si
279 4409 363 4460 taeta
378 4403 407 4459 in
422 4403 509 4458 terris
522 4405 688 4458 moraretur
702 4401 899 4472 tides‚qusnta
913 4417 1025 4457 merces
1081 4400 1197 4473 plenius
1222 4401 1248 4456 id
1274 4401 1351 4473 quod
1377 4401 1413 4456 de
1436 4401 1495 4458 lisa
1509 4401 1599 4458 tradit
1617 4404 1821 4476 (ignominiam
1837 4409 1903 4468 dioc

198 4491 507 4564 ejusexspeeteturin
534 4489 724 4554 cantianella
748 4490 1022 4556 omninoveetrum,
1079 4489 1165 4562 primi
1196 4489 1307 4556 delicti,
1325 4493 1354 4544 et
1384 4489 1523 4545 invidiam
1553 4492 1726 4563 perditionis
1753 4495 1902 4574 humanm)

198 4598 314 4640 sorores
329 4579 543 4638 dilectissimae.
558 4593 664 4649 exque
688 4577 780 4633 Deum
803 4577 900 4633 vivum
918 4595 1023 4651 cogno·
1078 4579 1158 4635 omui
1182 4576 1394 4634 satisfactionis
1417 4577 1520 4635 habitu
1546 4579 1677 4652 expiaret
1690 4583 1767 4656 (Gen.
1784 4603 1828 4656 111,
1847 4590 1903 4664 ld).

196 4669 458 4740 visect,et18t)ti
489 4669 525 4724 de
549 4683 613 4732 sua,
629 4666 659 4722 id
682 4670 727 4722 eet
756 4667 791 4722 de
816 4667 930 4722 lemine
956 4685 1024 4724 eou-
1078 4669 1111 4723 le
1125 4667 1264 4723 doloribus
1287 4670 1313 4722 et
1337 4667 1526 4723 unmetotibos
1548 4671 1643 4740 paries
1660 4673 1681 4740 ¹,
1696 4671 1811 4741 matter,
1825 4685 1851 4733 et
1866 4677 1906 4735 od

198 4761 309 4817 ditione
332 4758 495 4822 didicisset,
521 4755 660 4812 laetiorem
690 4755 836 4822 habitum,
863 4773 898 4810 ne
927 4756 1022 4811 dicam
1080 4757 1905 4834 eit-umtuumeonoereiotuo:stilledomiaobe'tur'tut'r

199 4849 401 4922 gloriosiorem
417 4844 598 4919 appetiisset,
612 4848 643 4900 ut
657 4859 715 4899 non
733 4843 825 4915 magis
841 4844 870 4897 in
887 4845 1024 4901 sordibus
1079 4850 1108 4901 et
1122 4845 1211 4900 livam
1226 4850 1255 4900 te
1281 4859 1346 4900 esse
1369 4844 1490 4901 nescis?
1505 4845 1577 4902 Vivit
1592 4849 1737 4906 sententia
1751 4849 1803 4910 Del
1818 4869 1907 4926 super

200 4941 309 5012 ageret,
324 4941 353 4994 et
376 4935 545 5010 squalorem
571 4933 670 5007 potius
694 4931 852 5000 allectarst,
868 4931 965 5004 ipsam
993 4949 1024 4990 se
1079 4949 1181 4992 sexum
1206 4933 1307 5005 istum,
1323 4933 1353 4988 in
1375 4932 1431 4990 hoo
1445 4931 1551 4990 saoulo
1568 4949 1575 4991 ε
1591 4933 1669 4993 vivat
1686 4941 1716 4995 et
1739 4944 1839 5000 reatus
1853 4958 1907 5000 no·

912 5075 1014 5138 Varia
1029 5075 1190 5138 lectiones.

239 5193 247 5228 ¹
264 5188 346 5246 Paris
362 5184 481 5244 Semtcr.
518 5183 720 5243 ¹Dominatnr
734 5183 799 5238 Por.

921 5281 1183 5342 Commentarius.

202 5486 216 5539 t
236 5410 276 5538 qli)
292 5409 328 5492 Dc
341 5409 419 5494 osdto
432 5405 613 5532 [mtegram.
631 5405 783 5532 ¹³thqu
797 5404 945 5532 abditionesl
953 5403 1026 5531 'Tem‘-
1083 5403 1113 5459 in
1128 5418 1191 5530 quo·
1203 5405 1317 5530 eeryatta
1332 5400 1528 5531 pgiolrisslgrsril
1539 5409 1621 5532 pqtrte
1634 5411 1752 5536 Banmmqt
1776 5409 1910 5496 dimidie,

203 5497 332 5612 lntllt
346 5480 518 5606 tutat
542 5491 720 5618 biblium
757 5491 1030 5606 „litttttfttt
1083 5490 1473 5618 tttttttlttttnttm
1488 5491 1678 5606 attint
1694 5552 1727 5606 n
1740 5483 1910 5614 ttttttt

204 5631 364 5694 utrumque
378 5621 411 5677 de
426 5620 507 5676 Cultu
519 5619 692 5688 teminorum
712 5619 931 5690 inscripsimus,
947 5621 1030 5675 vatu-
1085 5618 1170 5674 titulo
1196 5619 1380 5692 precessisse
1401 5619 1541 5691 primum.
1559 5625 1654 5691 atqua
1666 5621 1697 5678 in
1713 5621 1814 5684 libror.
1830 5632 1910 5687 oste·

205 5694 331 5754 stissimi
338 5689 513 5764 exemplaris
522 5689 702 5764 Agoberdini
710 5690 913 5749 auctoritatem
925 5691 1030 5759 secuti,
1085 5689 1152 5764 logo
1167 5689 1210 5748 sie
1231 5690 1317 5748 ambo
1340 5691 1490 5751 citantur:
1506 5689 1544 5748 lte
1556 5692 1634 5751 cuttu
1647 5695 1826 5766 seminarum.
1843 5703 1908 5760 itm.

366 5823 500 5887 Parnon.
523 5819 548 5881 1.
1711 5823 1750 5884 te
